
@book{weymouth1931relative,
  title={Relative growth and mortality of the Pacific razor clam (Siliqua patula, Dixon) and their bearing on the commercial fishery},
  author={Weymouth, Frank Walter and McMillin, Harvey C},
  number={1099},
  year={1931},
  publisher={US Government Printing Office}
}

@article{kozusko2003combining,
  title={Combining Gompertzian growth and cell population dynamics},
  author={Kozusko, Frank and Bajzer, {\v{Z}}eljko},
  journal={Mathematical biosciences},
  volume={185},
  number={2},
  pages={153--167},
  year={2003},
  publisher={Elsevier}
}

@book{weymouth1931age,
  title={The age and growth of the pacific cockle (Cardium corbis, Martyn)},
  author={Weymouth, Frank Walter and Thompson, Seton Hayes},
  number={1101},
  year={1931},
  publisher={US Government Printing Office}
}


@article{siingh2005review,
  title={Review of electromagnetic coupling between the Earth's atmosphere and the space environment},
  author={Siingh, Devendraa and Singh, RP and Kamra, AK and Gupta, PN and Singh, Rajesh and Gopalakrishnan, V and Singh, AK},
  journal={Journal of Atmospheric and Solar-Terrestrial Physics},
  volume={67},
  number={6},
  pages={637--658},
  year={2005},
  publisher={Elsevier}
}

@article{rodgers2009chemical,
  title={Chemical magnetoreception in birds: the radical pair mechanism},
  author={Rodgers, Christopher T and Hore, Peter J},
  journal={Proceedings of the National Academy of Sciences},
  volume={106},
  number={2},
  pages={353--360},
  year={2009},
  publisher={National Acad Sciences}
}

@article{hiscock2016quantum,
  title={The quantum needle of the avian magnetic compass},
  author={Hiscock, Hamish G and Worster, Susannah and Kattnig, Daniel R and Steers, Charlotte and Jin, Ye and Manolopoulos, David E and Mouritsen, Henrik and Hore, PJ},
  journal={Proceedings of the National Academy of Sciences},
  volume={113},
  number={17},
  pages={4634--4639},
  year={2016},
  publisher={National Acad Sciences}
}


@article{zaporozhan2010mechanisms,
  title={Mechanisms of geomagnetic field influence on gene expression using influenza as a model system: basics of physical epidemiology},
  author={Zaporozhan, Valeriy and Ponomarenko, Andriy},
  journal={International journal of environmental research and public health},
  volume={7},
  number={3},
  pages={938--965},
  year={2010},
  publisher={Molecular Diversity Preservation International (MDPI)}
}

@article{zenchenko2021possible,
  title={The possible effect of space weather factors on various physiological systems of the human organism},
  author={Zenchenko, Tatiana Alexandrovna and Breus, Tamara Konstantinovna},
  journal={Atmosphere},
  volume={12},
  number={3},
  pages={346},
  year={2021},
  publisher={Multidisciplinary Digital Publishing Institute}
}

# Global conciousness 
# https://global-mind.org/science2.html#hypothesis

@article{zilli2019geomagnetic,
  title={Geomagnetic disturbances driven by solar activity enhance total and cardiovascular mortality risk in 263 US cities},
  author={Zilli Vieira, Carolina Leticia and Alvares, Danilo and Blomberg, Annelise and Schwartz, Joel and Coull, Brent and Huang, Shaodan and Koutrakis, Petros},
  journal={Environmental Health},
  volume={18},
  number={1},
  pages={1--10},
  year={2019},
  publisher={Springer}
}
@article{kay1994geomagnetic,
  title={Geomagnetic storms: association with incidence of depression as measured by hospital admission},
  author={Kay, Ronald W},
  journal={The British Journal of Psychiatry},
  volume={164},
  number={3},
  pages={403--409},
  year={1994},
  publisher={Cambridge University Press}
}
@article{kay2004schizophrenia,
  title={Schizophrenia and season of birth: relationship to geomagnetic storms},
  author={Kay, Ronald W},
  journal={Schizophrenia Research},
  volume={66},
  number={1},
  pages={7--20},
  year={2004},
  publisher={Elsevier}
}
@article{malin1979correlation,
  title={Correlation between heart attacks and magnetic activity},
  author={Malin, SRC and Srivastava, BJ},
  journal={Nature},
  volume={277},
  number={5698},
  pages={646--648},
  year={1979},
  publisher={Nature Publishing Group}
}

@article{zonta2022virus,
  title={Virus spread on a scale-free network reproduces the Gompertz growth observed in isolated COVID-19 outbreaks},
  author={Zonta, Francesco and Levitt, Michael},
  journal={Advances in Biological Regulation},
  volume={86},
  pages={100915},
  year={2022},
  publisher={Elsevier}
}

@article{holme2019rare,
  title={Rare and everywhere: Perspectives on scale-free networks},
  author={Holme, Petter},
  journal={Nature communications},
  volume={10},
  number={1},
  pages={1016},
  year={2019},
  publisher={Nature Publishing Group UK London}
}

@article{clauset2009power,
  title={Power-law distributions in empirical data},
  author={Clauset, Aaron and Shalizi, Cosma Rohilla and Newman, Mark EJ},
  journal={SIAM review},
  volume={51},
  number={4},
  pages={661--703},
  year={2009},
  publisher={SIAM}
}

@article{doronin1998effect,
  title={Effect of variations of the geomagnetic field and solar activity on human physiological indicators},
  author={Doronin, VN and Parfent{\u{e}}v, VA and SZh, Tleulin and Namvar, RA and Somsikov, VM and Drobzhev, VI and Chemeris, AV},
  journal={Biofizika},
  volume={43},
  number={4},
  pages={647--653},
  year={1998}
}

@article{halberg2005chronomics,
  title={Chronomics of autism and suicide},
  author={Halberg, F and Corn{\'e}lissen, G and Panksepp, J and Otsuka, K and Johnson, D},
  journal={Biomedicine \& pharmacotherapy},
  volume={59},
  pages={S100--S108},
  year={2005},
  publisher={Elsevier}
}
@article{berk2006ambient,
  title={Do ambient electromagnetic fields affect behaviour? A demonstration of the relationship between geomagnetic storm activity and suicide},
  author={Berk, Michael and Dodd, Seetal and Henry, Margaret},
  journal={Bioelectromagnetics: Journal of the Bioelectromagnetics Society, The Society for Physical Regulation in Biology and Medicine, The European Bioelectromagnetics Association},
  volume={27},
  number={2},
  pages={151--155},
  year={2006},
  publisher={Wiley Online Library}
}


@article{gordon2003effect,
  title={The effect of geomagnetic storms on suicide},
  author={Gordon, Charmaine and Berk, Michael},
  journal={South African Psychiatry Review},
  volume={6},
  number={3},
  pages={24--27},
  year={2003},
  publisher={In House Publications}
}


@article{schumann1952strahlungslosen,
  title={{\"U}ber die strahlungslosen Eigenschwingungen einer leitenden Kugel, die von einer Luftschicht und einer Ionosph{\"a}renh{\"u}lle umgeben ist},
  author={Schumann, Winfried Otto},
  journal={Zeitschrift f{\"u}r Naturforschung A},
  volume={7},
  number={2},
  pages={149--154},
  year={1952},
  publisher={De Gruyter}
}


@incollection{blackman1990elf,
  title={ELF effects on calcium homeostatsis},
  author={Blackman, CARL F},
  booktitle={Extremely low frequency electromagnetic fields},
  year={1990},
}

@article{keeton1974normal,
  title={Normal fluctuations in the earth's magnetic field influence pigeon orientation},
  author={Keeton, William T and Larkin, Timothy S and Windsor, Donald M},
  journal={Journal of comparative physiology},
  volume={95},
  number={2},
  pages={95--103},
  year={1974},
  publisher={Springer}
}

@article{schreiber1976correlation,
  title={Correlation between race arrivals of homing pigeons and solar activity},
  author={Schreiber, Bruno and Rossi, Orazio},
  journal={Italian Journal of Zoology},
  volume={43},
  number={3},
  pages={317--320},
  year={1976},
  publisher={Taylor \& Francis}
}

@article{kowalski1988normal,
  title={Normal fluctuations of the geomagnetic field may affect initial orientation in pigeons},
  author={Kowalski, Ute and Wiltschko, Roswitha and F{\"u}ller, Eva},
  journal={Journal of Comparative Physiology A},
  volume={163},
  number={5},
  pages={593--600},
  year={1988},
  publisher={Springer}
}

@article{bianco2019magnetic,
  title={Magnetic storms disrupt nocturnal migratory activity in songbirds},
  author={Bianco, Giuseppe and Ilieva, Mihaela and {\AA}kesson, Susanne},
  journal={Biology letters},
  volume={15},
  number={3},
  pages={20180918},
  year={2019},
  publisher={The Royal Society}
}

@article{vanselow2018solar,
  title={Solar storms may trigger sperm whale strandings: explanation approaches for multiple strandings in the North Sea in 2016},
  author={Vanselow, Klaus Heinrich and Jacobsen, Sven and Hall, Chris and Garthe, Stefan},
  journal={International Journal of Astrobiology},
  volume={17},
  number={4},
  pages={336--344},
  year={2018},
  publisher={Cambridge University Press}
}

@article{ferrari2017cetacean,
  title={Cetacean beachings correlate with geomagnetic disturbances in Earth's magnetosphere: an example of how astronomical changes impact the future of life},
  author={Ferrari, Thomas E},
  journal={International Journal of Astrobiology},
  volume={16},
  number={2},
  pages={163--175},
  year={2017},
  publisher={Cambridge University Press}
}

@article{granger2020gray,
  title={Gray whales strand more often on days with increased levels of atmospheric radio-frequency noise},
  author={Granger, Jesse and Walkowicz, Lucianne and Fitak, Robert and Johnsen, S{\"o}nke},
  journal={Current Biology},
  volume={30},
  number={4},
  pages={R155--R156},
  year={2020},
  publisher={Elsevier}
}

@article{pobachenko2006contingency,
  title={The contingency of parameters of human encephalograms and Schumann resonance electromagnetic fields revealed in monitoring studies},
  author={Pobachenko, SV and Kolesnik, AG and Borodin, AS and Kalyuzhin, VV},
  journal={Biophysics},
  volume={51},
  number={3},
  pages={480--483},
  year={2006},
  publisher={Springer}
}

@article{saroka2014quantitative,
  title={Quantitative evidence for direct effects between earth-ionosphere Schumann resonances and human cerebral cortical activity},
  author={Saroka, Kevin S and Persinger, Michael A},
  journal={International Letters of Chemistry, Physics and Astronomy},
  volume={20},
  year={2014}
}

@article{engels2014anthropogenic,
  title={Anthropogenic electromagnetic noise disrupts magnetic compass orientation in a migratory bird},
  author={Engels, Svenja and Schneider, Nils-Lasse and Lefeldt, Nele and Hein, Christine Maira and Zapka, Manuela and Michalik, Andreas and Elbers, Dana and Kittel, Achim and Hore, PJ and Mouritsen, Henrik},
  journal={Nature},
  volume={509},
  number={7500},
  pages={353--356},
  year={2014},
  publisher={Nature Publishing Group}
}


@article{persinger2015human,
  title={Human quantitative electroencephalographic and Schumann Resonance exhibit real-time coherence of spectral power densities: implications for interactive information processing},
  author={Persinger, Michael A and Saroka, Kevin S and others},
  journal={Journal of Signal and Information Processing},
  volume={6},
  number={02},
  pages={153},
  year={2015},
  publisher={Scientific Research Publishing}
}

@book{konig2012biologic,
  title={Biologic effects of environmental electromagnetism},
  author={K{\"o}nig, Herbert L and Krueger, Albert P and Lang, Siegnot and S{\"o}nning, Walter},
  year={2012},
  publisher={Springer Science \& Business Media}
}

@article{cannon1982schumann,
  title={Schumann resonance frequency variations during sudden ionospheric disturbances},
  author={Cannon, PS and Rycroft, Michael J},
  journal={Journal of Atmospheric and Terrestrial Physics},
  volume={44},
  number={2},
  pages={201--206},
  year={1982},
  publisher={Elsevier}
}

@article{rycroft2008overview,
  title={An overview of Earth’s global electric circuit and atmospheric conductivity},
  author={Rycroft, Michael J and Harrison, R Giles and Nicoll, Keri A and Mareev, Evgeny A},
  journal={Planetary Atmospheric Electricity},
  pages={83--105},
  year={2008},
  publisher={Springer}
}

@article{krylov2017biological,
  title={Biological effects related to geomagnetic activity and possible mechanisms},
  author={Krylov, Viacheslav V},
  journal={Bioelectromagnetics},
  volume={38},
  number={7},
  pages={497--510},
  year={2017},
  publisher={Wiley Online Library}
}
@article{tjorve2010shapes,
  title={Shapes and functions of bird-growth models: how to characterise chick postnatal growth},
  author={Tj{\o}rve, Kathleen MC and Tj{\o}rve, Even},
  journal={Zoology},
  volume={113},
  number={6},
  pages={326--333},
  year={2010},
  publisher={Elsevier}
}


@article{halmi2014evaluation,
  title={Evaluation of several mathematical models for fitting the growth of the algae Dunaliella tertiolecta},
  author={Halmi, MIE and Shukor, MS and Johari, WLW and Shukor, MY},
  journal={Asian Journal of Plant Biology},
  volume={2},
  number={1},
  pages={1--6},
  year={2014}
}

@article{benzekry2014classical,
  title={Classical mathematical models for description and prediction of experimental tumor growth},
  author={Benzekry, S{\'e}bastien and Lamont, Clare and Beheshti, Afshin and Tracz, Amanda and Ebos, John ML and Hlatky, Lynn and Hahnfeldt, Philip},
  journal={PLoS computational biology},
  volume={10},
  number={8},
  pages={e1003800},
  year={2014},
  publisher={Public Library of Science San Francisco, USA}
}


@article{paine2012fit,
  title={How to fit nonlinear plant growth models and calculate growth rates: an update for ecologists},
  author={Paine, CE Timothy and Marthews, Toby R and Vogt, Deborah R and Purves, Drew and Rees, Mark and Hector, Andy and Turnbull, Lindsay A},
  journal={Methods in Ecology and Evolution},
  volume={3},
  number={2},
  pages={245--256},
  year={2012},
  publisher={Wiley Online Library}
}

@article{aggrey2002comparison,
  title={Comparison of three nonlinear and spline regression models for describing chicken growth curves},
  author={Aggrey, SE},
  journal={Poultry science},
  volume={81},
  number={12},
  pages={1782--1788},
  year={2002},
  publisher={Elsevier}
}


@book{starck1998avian,
  title={Avian growth and development: evolution within the altricial-precocial spectrum},
  author={Starck, J Matthias and Ricklefs, Robert E},
  number={8},
  year={1998},
  publisher={Oxford University Press on Demand}
}


@article{skinner1994mathematical,
  title={Mathematical modeling of microbial growth: a review},
  author={Skinner, Guy E and Larkin, John W and Rhodehamel, E Jeffery},
  journal={Journal of food safety},
  volume={14},
  number={3},
  pages={175--217},
  year={1994},
  publisher={Wiley Online Library}
}

@article{zwietering1990modeling,
  title={Modeling of the bacterial growth curve},
  author={Zwietering, Marcel H and Jongenburger, Ida and Rombouts, Frank M and Van't Riet, KJAEM},
  journal={Applied and environmental microbiology},
  volume={56},
  number={6},
  pages={1875--1881},
  year={1990},
  publisher={Am Soc Microbiol}
}


@article{laird1964dynamics,
  title={Dynamics of tumour growth},
  author={Laird, Anna Kane},
  journal={British journal of cancer},
  volume={18},
  number={3},
  pages={490},
  year={1964},
  publisher={Nature Publishing Group}
}

@article{kositsky2001influence,
  title={Influence of high-frequency electromagnetic radiation at non-thermal intensities on the human body},
  author={Kositsky, Nikolai Nikolaevich and Nizhelska, Aljona Igorevna and Ponezha, Grigory Vasil’evich},
  journal={No Place To Hide-Newsletter of the Cellular Phone Taskforce Inc},
  volume={3},
  number={1},
  pages={1--33},
  year={2001}
}




@article{kudintseva2018modifications,
  title={Modifications of middle atmosphere conductivity during sudden ionospheric disturbances deduced from changes of Schumann resonance peak frequencies},
  author={Kudintseva, IG and Galuk, Yu P and Nickolaenko, AP and Hayakawa, M},
  journal={Radio Science},
  volume={53},
  number={5},
  pages={670--682},
  year={2018},
  publisher={AGU}
}

@article{dyrda2015novel,
  title={Novel analysis of a sudden ionospheric disturbance using Schumann resonance measurements},
  author={Dyrda, Micha{\l} and Kulak, Andrzej and Mlynarczyk, Janusz and Ostrowski, Micha{\l}},
  journal={Journal of Geophysical Research: Space Physics},
  volume={120},
  number={3},
  pages={2255--2262},
  year={2015},
  publisher={Wiley Online Library}
}

@article{roldugin2004schumann,
  title={Schumann resonance frequency increase during solar X-ray bursts},
  author={Roldugin, VC and Maltsev, Ye P and Vasiljev, AN and Schokotov, AY and Belyajev, GG},
  journal={Journal of Geophysical Research: Space Physics},
  volume={109},
  number={A1},
  year={2004},
  publisher={Wiley Online Library}
}

@article{satori2005response,
  title={Response of the Earth--ionosphere cavity resonator to the 11-year solar cycle in X-radiation},
  author={S{\'a}tori, G and Williams, E and Mushtak, V},
  journal={Journal of Atmospheric and Solar-Terrestrial Physics},
  volume={67},
  number={6},
  pages={553--562},
  year={2005},
  publisher={Elsevier}
}

@article{satori2016effects,
  title={Effects of energetic solar emissions on the Earth--ionosphere cavity of Schumann resonances},
  author={S{\'a}tori, Gabriella and Williams, Earle and Price, Colin and Boldi, Robert and Koloskov, Alexander and Yampolski, Yuri and Guha, Anirban and Barta, Veronika},
  journal={Surveys in Geophysics},
  volume={37},
  number={4},
  pages={757--789},
  year={2016},
  publisher={Springer}
}

@article{shvets2017effect,
  title={Effect of solar flares on the schumann-resonance frequences},
  author={Shvets, AV and Nickolaenko, AP and Chebrov, VN},
  journal={Radiophysics and Quantum Electronics},
  volume={60},
  number={3},
  pages={186--199},
  year={2017},
  publisher={Springer}
}

@article{roldugin2003changes,
  title={Changes of Schumann resonance parameters during the solar proton event of 14 July 2000},
  author={Roldugin, VC and Maltsev, Ye P and Vasiljev, AN and Shvets, AV and Nikolaenko, AP},
  journal={Journal of Geophysical Research: Space Physics},
  volume={108},
  number={A3},
  year={2003},
  publisher={Wiley Online Library}
}

@article{schlegel1999schumann,
  title={Schumann resonance parameter changes during high-energy particle precipitation},
  author={Schlegel, Kristian and F{\"u}llekrug, Martin},
  journal={Journal of Geophysical Research: Space Physics},
  volume={104},
  number={A5},
  pages={10111--10118},
  year={1999},
  publisher={Wiley Online Library}
}

@article{singh2014x,
  title={X-rays and solar proton event induced changes in the first mode Schumann resonance frequency observed at a low latitude station Agra, India},
  author={Singh, Birbal and Tyagi, Rajesh and Hobara, Yasuhide and Hayakawa, Masashi},
  journal={Journal of Atmospheric and Solar-Terrestrial Physics},
  volume={113},
  pages={1--9},
  year={2014},
  publisher={Elsevier}
}

@article{pazos2019analysis,
  title={Analysis of the effects of geomagnetic storms in the Schumann Resonance station data in Mexico},
  author={Pazos, M and Mendoza, B and Sierra, P and Andrade, E and Rodr{\'\i}guez, D and Mendoza, V and Gardu{\~n}o, R},
  journal={Journal of Atmospheric and Solar-Terrestrial Physics},
  volume={193},
  pages={105091},
  year={2019},
  publisher={Elsevier}
}

@article{salinas2016solar,
  title={Solar storm effects during Saint Patrick's Days in 2013 and 2015 on the Schumann resonances measured by the ELF station at Sierra Nevada (Spain)},
  author={Salinas, A and Toledo-Redondo, S and Navarro, EA and Fornieles-Callej{\'o}n, J and Port{\'\i}, JA},
  journal={Journal of Geophysical Research: Space Physics},
  volume={121},
  number={12},
  pages={12--234},
  year={2016},
  publisher={Wiley Online Library}
}

@article{zhou2015studies,
  title={Studies of the variations of the first Schumann resonance frequency during the solar flare on 7 March 2012},
  author={Zhou, Hongjuan and Qiao, Xiaolin},
  journal={Journal of Geophysical Research: Atmospheres},
  volume={120},
  number={10},
  pages={4600--4612},
  year={2015},
  publisher={Wiley Online Library}
}

@article{marchitelli2020correlation,
  title={On the correlation between solar activity and large earthquakes worldwide},
  author={Marchitelli, Vito and Harabaglia, Paolo and Troise, Claudia and De Natale, Giuseppe},
  journal={Scientific reports},
  volume={10},
  number={1},
  pages={1--10},
  year={2020},
  publisher={Nature Publishing Group}
}

@article{christofilakis2019significant,
  title={Significant ELF perturbations in the Schumann Resonance band before and during a shallow mid-magnitude seismic activity in the Greek area (Kalpaki)},
  author={Christofilakis, Vasilis and Tatsis, Giorgos and Votis, Constantinos and Contopoulos, Ioannis and Repapis, Christos and Tritakis, Vasilis},
  journal={Journal of Atmospheric and Solar-Terrestrial Physics},
  volume={182},
  pages={138--146},
  year={2019},
  publisher={Elsevier}
}

@article{galuk2019scattering,
  title={Scattering of ELF radio waves by a localized non-uniformity in the lower ionosphere},
  author={Galuk, Yuri P and Kudintseva, Irina G and Nickolaenko, Alexander P and Hayakawa, Masashi},
  journal={Journal of Atmospheric and Solar-Terrestrial Physics},
  volume={194},
  pages={105093},
  year={2019},
  publisher={Elsevier}
}

@article{hayakawa2020scattering,
  title={Scattering of extremely low frequency electromagnetic waves by a localized seismogenic ionospheric perturbation: Observation and interpretation},
  author={Hayakawa, M and Nickolaenko, AP and Galuk, Yu P and Kudintseva, IG},
  journal={Radio Science},
  volume={55},
  number={12},
  pages={1--26},
  year={2020},
  publisher={AGU}
}

@incollection{bullough2017power,
  title={Power line harmonic radiation: Sources and environmental effects},
  author={Bullough, Ken},
  booktitle={Handbook of Atmospheric Electrodynamics, Volume II},
  pages={291--332},
  year={2017},
  publisher={CRC Press}
}

@article{osti_7135973,
title = {Extremely low frequency electromagnetic fields},
author = {Wilson, B W and Stevens, R G and Anderson, L E},
abstractNote = {The authors focus on that which seems to be the central scientific issue emerging from current ELF research in epidemiology and in the laboratory; namely, can ELF electromagnetic fields interact with biological systems in such a way as to increase cancer risk The authors examine how cancer risk might be related to two reproducible biological effects of ELF exposure: effects on the pineal gland and circadian biology, and effects on calcium homeostasis in cells. Because they are concerned with the possible biological mechanisms of carcinogenesis, epidemiological studies are only briefly reviewed.},
doi = {},
url = {https://www.osti.gov/biblio/7135973}, journal = {},
place = {United States},
year = {1990},
month = {1}
} 

# Inflammation and geomagnetic storms
@article{schiff2022role,
  title={The role of solar and geomagnetic activity in endothelial activation and inflammation in the NAS cohort},
  author={Schiff, Jessica E and Vieira, Carolina LZ and Garshick, Eric and Wang, Veronica and Blomberg, Annelise and Gold, Diane R and Schwartz, Joel and Tracy, Samantha M and Vokonas, Pantel and Koutrakis, Petros},
  journal={PloS one},
  volume={17},
  number={7},
  pages={e0268700},
  year={2022},
  publisher={Public Library of Science San Francisco, CA USA}
}
@article{persinger1995sudden,
  title={Sudden unexpected death in epileptics following sudden, intense, increases in geomagnetic activity: prevalence of effect and potential mechanisms},
  author={Persinger, MA and Psych, C},
  journal={International Journal of Biometeorology},
  volume={38},
  number={4},
  pages={180--187},
  year={1995},
  publisher={Springer}
}

## HRV and geomagnetic storms
@article{stoupel2011twenty,
  title={Twenty years study of solar, geomagnetic, cosmic ray activity links with monthly deaths number (n-850304)},
  author={Stoupel, Eliyahu and Kalediene, Ramune and Petrauskiene, Jadviga and Starkuviene, Skirmante and Abramson, Evgeny and Israelevich, Peter and Sulkes, Jaqueline and others},
  journal={Journal of Biomedical Science and Engineering},
  volume={4},
  number={06},
  pages={426},
  year={2011},
  publisher={Scientific Research Publishing}
}
@article{stoupel1993sudden,
  title={Sudden cardiac deaths and ventricular extrasystoles on days with four levels of geomagnetic activity},
  author={Stoupel, E},
  journal={Journal of basic and clinical physiology and pharmacology},
  volume={4},
  number={4},
  pages={357--366},
  year={1993},
  publisher={De Gruyter}
}

@article{vieira2022geomagnetic,
  title={Geomagnetic disturbances reduce heart rate variability in the Normative Aging Study},
  author={Vieira, Carolina L Zilli and Chen, Kelly and Garshick, Eric and Liu, Man and Vokonas, Pantel and Ljungman, Petter and Schwartz, Joel and Koutrakis, Petros},
  journal={Science of The Total Environment},
  pages={156235},
  year={2022},
  publisher={Elsevier}
}


@article{alabdulgader2018long,
  title={Long-term study of heart rate variability responses to changes in the solar and geomagnetic environment},
  author={Alabdulgader, Abdullah and McCraty, Rollin and Atkinson, Michael and Dobyns, York and Vainoras, Alfonsas and Ragulskis, Minvydas and Stolc, Viktor},
  journal={Scientific reports},
  volume={8},
  number={1},
  pages={1--14},
  year={2018},
  publisher={Nature Publishing Group}
}


@article{ghione1998geomagnetic,
  title={Do geomagnetic disturbances of solar origin affect arterial blood pressure?},
  author={Ghione, S and Mezzasalma, L and Seppia, CDel and Papi, F},
  journal={Journal of human hypertension},
  volume={12},
  number={11},
  pages={749--754},
  year={1998},
  publisher={Nature Publishing Group}
}

@article{cherry2002schumann,
  title={Schumann Resonances, a plausible biophysical mechanism for the human health effects of Solar},
  author={Cherry, Neil},
  journal={Natural hazards},
  volume={26},
  number={3},
  pages={279--331},
  year={2002},
  publisher={Springer}
}

@article{chernouss2001geophysical,
  title={Geophysical hazard for Human health in the circumpolar Auroral Belt: evidence of a relationship between heart rate variation and electromagnetic disturbances},
  author={Chernouss, Sergey and Vinogradov, Antoly and Vlassova, Elvira},
  journal={Natural hazards},
  volume={23},
  number={2},
  pages={121--135},
  year={2001},
  publisher={Springer}
}

@article{rios2021commonalities,
  title={Commonalities between COVID-19 and radiation injury},
  author={Rios, Carmen I and Cassatt, David R and Hollingsworth, Brynn A and Satyamitra, Merriline M and Tadesse, Yeabsera S and Taliaferro, Lanyn P and Winters, Thomas A and DiCarlo, Andrea L},
  journal={Radiation research},
  volume={195},
  number={1},
  pages={1--24},
  year={2021},
  publisher={Allen Press}
}

@article{rubik2021evidence,
  title={Evidence for a connection between coronavirus disease-19 and exposure to radiofrequency radiation from wireless communications including 5G},
  author={Rubik, Beverly and Brown, Robert R},
  journal={Journal of clinical and translational research},
  volume={7},
  number={5},
  pages={666},
  year={2021},
  publisher={Whioce Publishing Pte. Ltd.}
}

@article{olshansky1997ever,
  title={Ever since Gompertz},
  author={Olshansky, S Jay and Carnes, Bruce A},
  journal={Demography},
  volume={34},
  pages={1--15},
  year={1997},
  publisher={Springer}
}

@incollection{wever1974elf,
  title={{ELF}-effects on human circadian rhythms},
  author={Wever, R{\"u}tger},
  booktitle={ELF and VLF electromagnetic field effects},
  pages={101--144},
  year={1974},
  publisher={Springer}
}


@article{stoupel1995ambulatory,
  title={Ambulatory blood pressure monitoring in patients with hypertension on days of high and low geomagnetic activity},
  author={Stoupel, E},
  journal={J Hum Hypertens},
  volume={9},
  pages={293--294},
  year={1995}
}


## melatonin and geomagnetic storms
@article{burch1999geomagnetic,
  title={Geomagnetic disturbances are associated with reduced nocturnal excretion of a melatonin metabolite in humans},
  author={Burch, JB and Reif, JS and Yost, MG},
  journal={Neuroscience Letters},
  volume={266},
  number={3},
  pages={209--212},
  year={1999},
  publisher={Elsevier}
}

@article{rapoport1997effects,
  title={Effects of disturbances of natural magnetic field of the Earth on melatonin production in patients with coronary heart disease},
  author={Rapoport, SI and Malinovskaia, NK and Oraevskii, VN and Komarov, FI and Nosovskii, AM and Vetterberg, L},
  journal={Klinicheskaia Meditsina},
  volume={75},
  number={6},
  pages={24--26},
  year={1997}
}

@article{bergiannaki1996seasonal,
  title={Seasonal pattern of melatonin excretion in humans: relationship to daylength variation rate and geomagnetic field fluctuations},
  author={Bergiannaki, J-D and Paparrigopoulos, TJ and Stefanis, Costas N},
  journal={Experientia},
  volume={52},
  number={3},
  pages={253--258},
  year={1996},
  publisher={Springer}
}


% Encoding: UTF-8
@article{medica2020covid,
  title={COVID-19 mortality rates in the European Union, Switzerland, and the UK: effect of timeliness, lockdown rigidity, and population density},
  journal={Minerva Med.},
  author={A.G., Gerli and S., Centanni and M.R., Miozzo and J.C., Virchow and G., Sotgiu and G.W., Canonica and J.B., Soriano},
  volume={111},
  number={4},
  year={2020}
}

@article{liu2020emerging,
  title={Emerging study on the transmission of the Novel Coronavirus (COVID-19) from urban perspective: Evidence from China},
  author={Liu, Lu},
  journal={Cities},
  volume={103},
  pages={102759},
  year={2020},
  publisher={Elsevier}
}

@book{durrett1999essentials,
  title={Essentials of stochastic processes},
  author={Durrett, Richard and Durrett, R},
  volume={1},
  year={1999},
  publisher={Springer}
}


@article{efron2012bayesian,
  title={Bayesian inference and the parametric bootstrap},
  author={Efron, Bradley},
  journal={The annals of applied statistics},
  volume={6},
  number={4},
  pages={1971},
  year={2012},
  publisher={NIH Public Access}
}

@article{wang2012richards,
  title={Richards model revisited: Validation by and application to infection dynamics},
  author={Wang, Xiang-Sheng and Wu, Jianhong and Yang, Yong},
  journal={Journal of theoretical biology},
  volume={313},
  pages={12--19},
  year={2012},
  publisher={Elsevier}
}


@article{chakrabarti1996non,
  title={Non Equilibrium Thermodynamics and Stochastics of Gompertzian Growth},
  author={Chakrabarti, CG and Bhadra, Syamali},
  journal={J. Biol. Systems},
  doi = {doi.org/10.1142/S0218339096000119},
  volume={4},
  number={2},
  pages={151--157},
  year={1996}
}

@article{nadarajah2016distribution,
  title={On the distribution of the product of correlated normal random variables},
  author={Nadarajah, Saralees and Pog{\'a}ny, Tibor K},
  journal={Comptes Rendus Mathematique},
  volume={354},
  number={2},
  pages={201--204},
  year={2016},
  publisher={Elsevier}
}

@article{brown1976biological,
  title={Biological clocks: endogenous cycles synchronized by subtle geophysical rhythms},
  author={Brown Jr, Frank A},
  journal={Biosystems},
  volume={8},
  number={2},
  pages={67--81},
  year={1976},
  publisher={Elsevier}
}

@article{becker1984electromagnetic,
  title={Electromagnetic controls over biological growth processes},
  author={Becker, Robert O},
  journal={Journal of Bioelectricity},
  volume={3},
  number={1-2},
  pages={105--118},
  year={1984},
  publisher={Taylor \& Francis}
}

@article{liboff1984time,
  title={Time-varying magnetic fields: effect on DNA synthesis},
  author={Liboff, AR and Williams Jr, T and Strong, DM and Wistar Jr, R},
  journal={Science},
  volume={223},
  number={4638},
  pages={818--820},
  year={1984},
  publisher={American Association for the Advancement of Science}
}

@article{norton1984bioelectric,
  title={Bioelectric Perturbations of Bone: Research Directions and Clinical Applications},
  author={Norton, LA and Hanley, KJ and Turkewicz, J},
  journal={The Angle Orthodontist},
  volume={54},
  number={1},
  pages={73--87},
  year={1984}
}

@article{liboff1981alternating,
  title={Alternating magnetic fields enhance DNA synthesis in fibroblastic cells},
  author={Liboff, AR and Williams Jr, T and Strong, DM and Wistar Jr, R},
  journal={Bioelectrical Repair and Growth Society (BRAGS)},
  year={1981}
}

@article{goodman1983pulsing,
  title={Pulsing electromagnetic fields induce cellular transcription},
  author={Goodman, Reba and Bassett, C Andrew L and Henderson, Ann S},
  journal={Science},
  volume={220},
  number={4603},
  pages={1283--1285},
  year={1983},
  publisher={American Association for the Advancement of Science}
}

@article{langman1949technique,
  title={A technique to aid in the detection of malignancy of the female genital tract},
  author={Langman, Louis and Burr, HS},
  journal={American Journal of Obstetrics \& Gynecology},
  volume={57},
  number={2},
  pages={274--281},
  year={1949},
  publisher={Elsevier}
}

@article{kermack1927contribution,
  title={A contribution to the mathematical theory of epidemics},
  author={Kermack, William Ogilvy and McKendrick, Anderson G},
  journal={Proceedings of the royal society of london. Series A, Containing papers of a mathematical and physical character},
  volume={115},
  number={772},
  pages={700--721},
  year={1927},
  publisher={The Royal Society London}
}

@article{lambert2013quantum,
  title={Quantum biology},
  author={Lambert, Neill and Chen, Yueh-Nan and Cheng, Yuan-Chung and Li, Che-Ming and Chen, Guang-Yin and Nori, Franco},
  journal={Nature Physics},
  volume={9},
  number={1},
  pages={10--18},
  year={2013},
  publisher={Nature Publishing Group}
}


@incollection{bajzer1997mathematical,
  title={Mathematical modeling of tumor growth kinetics},
  author={Bajzer, {\v{Z}}eljko and Vuk-Pavlovi{\'c}, S and Huzak, Miljenko},
  booktitle={A survey of models for tumor-immune system dynamics},
  pages={89--133},
  year={1997},
  publisher={Springer}
}

@article{vattay2020forecasting,
  title={Forecasting the outcome and estimating the epidemic model parameters from the fatality time series in {COVID-19} outbreaks},
  author={Vattay, G{\'a}bor},
  journal={Physical Biology},
  volume={17},
  number={6},
  pages={065002},
  year={2020},
  publisher={IOP Publishing}
}

@article{petroni2020gompertz,
  title={Gompertz and logistic stochastic dynamics: Advances in an ongoing quest},
  author={Petroni, Nicola Cufaro and De Martino, Salvatore and De Siena, Silvio},
  journal={arXiv preprint arXiv:2002.06409},
  year={2020}
}


@article{skiadas2010exact,
  title={Exact solutions of stochastic differential equations: Gompertz, generalized logistic and revised exponential},
  author={Skiadas, Christos H},
  journal={Methodology and Computing in Applied Probability},
  volume={12},
  number={2},
  pages={261--270},
  year={2010},
  publisher={Springer}
}


@article{rodrigues2020monte,
  title={Monte Carlo approach to model {COVID-19} deaths and infections using Gompertz functions},
  author={Rodrigues, Tulio and Helene, Otaviano},
  journal={Physical Review Research},
  volume={2},
  number={4},
  pages={043381},
  year={2020},
  publisher={APS}
}


@article{gunasekaran1982lon,
  title={Log normal distribution for the intrinsic abundance of species from the Gompertz model},
  author={Gunasekaran, N and Pande, LK},
  journal={Journal of Theoretical Biology},
  volume={98},
  number={2},
  pages={301--305},
  year={1982},
  publisher={Elsevier}
}

@article{sandev2020hitting,
  title={Hitting times in turbulent diffusion due to multiplicative noise},
  author={Sandev, Trifce and Iomin, Alexander and Kocarev, Ljupco},
  journal={Physical Review E},
  volume={102},
  number={4},
  pages={042109},
  year={2020},
  publisher={APS}
}


@article{sitaram1984statistical,
  title={Statistical mechanics of the Gompertz model of interacting species},
  author={Sitaram, BR and Varma, VS},
  journal={Journal of theoretical biology},
  volume={110},
  number={2},
  pages={253--256},
  year={1984}
}

@article{broido2019scale,
  title={Scale-free networks are rare},
  author={Broido, Anna D and Clauset, Aaron},
  journal={Nature communications},
  volume={10},
  number={1},
  pages={1--10},
  year={2019},
  publisher={Nature Publishing Group}
}

@article{tjorve2017use,
  title={The use of Gompertz models in growth analyses, and new Gompertz-model approach: An addition to the Unified-Richards family},
  author={Tj{\o}rve, Kathleen MC and Tj{\o}rve, Even},
  journal={PloS one},
  volume={12},
  number={6},
  pages={e0178691},
  year={2017},
  publisher={Public Library of Science San Francisco, CA USA}
}

@article{smilkov2014beyond,
  title={Beyond network structure: How heterogeneous susceptibility modulates the spread of epidemics},
  author={Smilkov, Daniel and Hidalgo, Cesar A and Kocarev, Ljupco},
  journal={Scientific reports},
  volume={4},
  number={1},
  pages={1--7},
  year={2014},
  publisher={Nature Publishing Group}
}


@article{petroni2020logistic,
  title={Logistic and $\theta$-logistic models in population dynamics: General analysis and exact results},
  author={Petroni, Nicola Cufaro and De Martino, Salvatore and De Siena, Silvio},
  journal={Journal of Physics A: Mathematical and Theoretical},
  volume={53},
  number={44},
  pages={445005},
  year={2020},
  publisher={IOP Publishing}
}

@article{carletti2020covid,
  title={{COVID-19}: The unreasonable effectiveness of simple models},
  author={Carletti, Timoteo and Fanelli, Duccio and Piazza, Francesco},
  journal={Chaos, Solitons \& Fractals: X},
  volume={5},
  pages={100034},
  year={2020},
  publisher={Elsevier}
}

@article{castro2020turning,
  title={The turning point and end of an expanding epidemic cannot be precisely forecast},
  author={Castro, Mario and Ares, Sa{\'u}l and Cuesta, Jos{\'e} A and Manrubia, Susanna},
  journal={Proceedings of the National Academy of Sciences},
  volume={117},
  number={42},
  pages={26190--26196},
  year={2020},
  publisher={National Acad Sciences}
}

@article{shklovskii2005simple,
  title={A simple derivation of the Gompertz law for human mortality},
  author={Shklovskii, BI},
  journal={Theory in Biosciences},
  volume={123},
  number={4},
  pages={431--433},
  year={2005},
  publisher={Springer}
}

@article{thompson1990biphasic,
  title={Biphasic mortality response of chipmunks in the wild to single doses of ionizing radiation: toxicity and longevity hormesis},
  author={Thompson, Gary A and Smithers, Jacquelyn and Boxenbaum, Harold},
  journal={Drug metabolism reviews},
  volume={22},
  number={2-3},
  pages={269--289},
  year={1990},
  publisher={Taylor \& Francis}
}


@incollection{boxenbaum2017hypotheses,
  title={Hypotheses on Mammalian Aging, Toxicity, and Longevity Hormesis: Explication by a Generalized Gompertz Function},
  author={Boxenbaum, Harold},
  booktitle={Biological Effects of Low Level Exposures to Chemicals and Radiation},
  pages={1--39},
  year={2017},
  publisher={CRC Press}
}

@article{neafsey1988gompertz,
  title={A Gompertz age-specific mortality rate model of aging, hormesis, and toxicity: Fixed-dose studies},
  author={Neafsey, Patricia J and Boxenbaum, Harold and Ciraulo, Domenic A and Fournier, Donna J},
  journal={Drug metabolism reviews},
  volume={19},
  number={3-4},
  pages={369--401},
  year={1988},
  publisher={Taylor \& Francis}
}

@article{neafsey1989gompertz,
  title={A Gompertz age-specific mortality rate model of aging, hormesis, and toxicity: dose-response studies},
  author={Neafsey, Patricia J and Ciraulo, Domenic A and Boxenbaum, Harold and Fournier, Donna J},
  journal={Drug Metabolism Reviews},
  volume={20},
  number={1},
  pages={111--150},
  year={1989},
  publisher={Taylor \& Francis}
}


@article{molski2003coherent,
  title={Coherent states of Gompertzian growth},
  author={Molski, Marcin and Konarski, Jerzy},
  journal={Physical review E},
  volume={68},
  number={2},
  pages={021916},
  year={2003},
  publisher={APS}
}


@article{richards1959flexible,
  title={A flexible growth function for empirical use},
  author={Richards, FJ},
  journal={Journal of experimental Botany},
  volume={10},
  number={2},
  pages={290--301},
  year={1959},
  publisher={Oxford University Press}
}

@article{estrada2022networked,
  title={From networked {SIS} model to the Gompertz function},
  author={Estrada, Ernesto and Bartesaghi, Paolo},
  journal={Applied Mathematics and Computation},
  volume={419},
  pages={126882},
  year={2022},
  publisher={Elsevier}
}

@article{yamano2009statistical,
  title={Statistical ensemble theory of gompertz growth model},
  author={Yamano, Takuya},
  journal={Entropy},
  volume={11},
  number={4},
  pages={807--819},
  year={2009},
  publisher={Molecular Diversity Preservation International}
}


@article{gilbert2022animals,
  title={What caused simultaneous excess mortality in animals and humans during 2019-2021?},
  author={Gilbert, Dorothea and Haugen, Matz},
  journal={Journal To-be-Decided},
  year={2022},
}

@article{levitt2020predicting,
  title={Predicting the trajectory of any COVID19 epidemic from the best straight line},
  author={Levitt, Michael and Scaiewicz, Andrea and Zonta, Francesco},
  journal={medRxiv},
  year={2020},
  publisher={Cold Spring Harbor Laboratory Preprints}
}

@article{herrmann2020covid,
  title={Why {COVID-19} models should incorporate the network of social interactions},
  author={Herrmann, Helena A and Schwartz, Jean-Marc},
  journal={Physical Biology},
  volume={17},
  number={6},
  pages={065008},
  year={2020},
  publisher={IOP Publishing}
}


@Article{Tsiang2021,
  author    = {Angela Tsiang and Magda Havas},
  journal   = {Medical Research Archives},
  title     = {{COVID}-19 Attributed Cases and Deaths are Statistically Higher in States and Counties with 5th Generation Millimeter Wave Wireless Telecommunications in the United States.},
  year      = {2021},
  number    = {4},
  volume    = {9},
  doi       = {10.18103/mra.v9i4.2371},
  publisher = {Knowledge Enterprise Journals},
}

@Article{King2020,
  author    = {Simon King and Paulina Rajko-Nenow and Martin Ashby and Lorraine Frost and Simon Carpenter and Carrie Batten},
  journal   = {Transboundary and Emerging Diseases},
  title     = {Outbreak of African Horse Sickness in Thailand, 2020},
  year      = {2020},
  month     = {jul},
  doi       = {10.1111/tbed.13701},
  publisher = {Wiley},
}

@Book{Firstenberg2017,
  author    = {Firstenberg, Arthur},
  publisher = {Chelsea Green Publishing},
  title     = {The invisible rainbow : a history of electricity and life},
  year      = {2017},
  address   = {White River Junction, Vermont London, UK},
  isbn      = {9781645020103},
}

@Article{PeriseBarrios2021,
  author    = {Ana Judith Peris{\'{e}}-Barrios and Beatriz Davinia Tomeo-Mart{\'{\i}}n and Pablo G{\'{o}}mez-Ochoa and Pablo Delgado-Bonet and Pedro Plaza and Paula Palau-Concejo and Jorge Gonz{\'{a}}lez and Gustavo Ortiz-D{\'{\i}}ez and Antonio Mel{\'{e}}ndez-Lazo and Michaela Gentil and Javier Garc{\'{\i}}a-Castro and Alicia Barbero-Fern{\'{a}}ndez},
  journal   = {Veterinary Research},
  title     = {Humoral responses to {SARS}-{CoV}-2 by healthy and sick dogs during the {COVID}-19 pandemic in Spain},
  year      = {2021},
  month     = {feb},
  number    = {1},
  volume    = {52},
  doi       = {10.1186/s13567-021-00897-y},
  publisher = {Springer Science and Business Media {LLC}},
}

@Article{Radford2021,
  author    = {Alan D. Radford and David A. Singleton and Chris Jewell and Charlotte Appleton and Barry Rowlingson and Alison C. Hale and Carmen Tamayo Cuartero and Richard Newton and Fernando S{\'{a}}nchez-Vizca{\'{\i}}no and Danielle Greenberg and Beth Brant and Eleanor G. Bentley and James P. Stewart and Shirley Smith and Sam Haldenby and P.-J. M. Noble and Gina L. Pinchbeck},
  journal   = {Emerging Infectious Diseases},
  title     = {Outbreak of Severe Vomiting in Dogs Associated with a Canine Enteric Coronavirus, United Kingdom},
  year      = {2021},
  month     = {feb},
  number    = {2},
  pages     = {517--528},
  volume    = {27},
  doi       = {10.3201/eid2702.202452},
  publisher = {Centers for Disease Control and Prevention ({CDC})},
}

@Article{Aarde2021,
  author    = {Rudi J. van Aarde and Stuart L. Pimm and Robert Guldemond and Ryan Huang and Celest{\'{e}} Mar{\'{e}}},
  journal   = {{PeerJ}},
  title     = {The 2020 elephant die-off in Botswana},
  year      = {2021},
  month     = {jan},
  pages     = {e10686},
  volume    = {9},
  doi       = {10.7717/peerj.10686},
  publisher = {{PeerJ}},
}

@Article{Azeem2020,
  author    = {Shahan Azeem and Roy Bengis and Rudi Van Aarde and Armanda D.S. Bastos},
  journal   = {African Journal of Wildlife Research},
  title     = {Mass Die-Off of African Elephants in Botswana: Pathogen, Poison or a Perfect Storm?},
  year      = {2020},
  month     = {aug},
  number    = {1},
  volume    = {50},
  doi       = {10.3957/056.050.0149},
  publisher = {Southern African Wildlife Management Association},
}

@Article{Towers2017,
  author    = {S. Towers},
  journal   = {Epidemiology and Infection},
  title     = {Sunspot activity and influenza pandemics: a statistical assessment of the purported association},
  year      = {2017},
  month     = {aug},
  number    = {13},
  pages     = {2640--2655},
  volume    = {145},
  doi       = {10.1017/s095026881700173x},
  publisher = {Cambridge University Press ({CUP})},
}

@Article{Navia2020,
  author    = {C. E. Navia},
  journal   = {European Journal of Applied Physics},
  title     = {On The Occurrence of Historical Pandemics During The Grand Solar Minima},
  year      = {2020},
  month     = {jul},
  number    = {4},
  volume    = {2},
  doi       = {10.24018/ejphysics.2020.2.4.11},
  publisher = {European Open Access Publishing (Europa Publishing)},
}

@Book{Beveridge1977,
  author    = {Beveridge, W. I. B.},
  publisher = {Prodist},
  title     = {Influenza : The last great plague : an unfinished story of discovery},
  year      = {1977},
  address   = {New York},
  isbn      = {0882021184},
}

@article{morse1929diatomic,
  title={Diatomic molecules according to the wave mechanics. II. Vibrational levels},
  author={Morse, Philip M},
  journal={Physical review},
  volume={34},
  number={1},
  pages={57},
  year={1929},
  publisher={APS}
}

@article{bajzer2000new,
  title={New dimension in gompertzian growth},
  author={Bajzer, {\v{Z}}eljko and Vuk Pavlovi{\'c}, Stanimir},
  journal={Computational and Mathematical Methods in Medicine},
  volume={2},
  number={4},
  pages={307--315},
  year={2000},
  publisher={Taylor \& Francis}
}


@inproceedings{brues1952analysis,
  title={Analysis of mammalian radiation injury and lethality},
  author={Brues, Austin M and Sacher, George A},
  booktitle={Symposium on Radiobiology},
  pages={441--465},
  year={1952},
  organization={J. Wiley \& Sons, New York}
}


@article{makeham1889further,
  title={On the further development of Gompertz's law},
  author={Makeham, William Matthew},
  journal={Journal of the Institute of Actuaries},
  volume={28},
  number={2},
  pages={152--159},
  year={1889},
  publisher={Cambridge University Press}
}

@article{szilard1959nature,
  title={On the nature of the aging process},
  author={Szilard, Leo},
  journal={Proceedings of the National Academy of Sciences},
  volume={45},
  number={1},
  pages={30--45},
  year={1959},
  publisher={National Acad Sciences}
}

@book{gauss1857theory,
  title={Theory of the motion of the heavenly bodies moving about the sun in conic sections: a translation of Gauss's" Theoria Motus." with an appendix},
  author={Gauss, Carl Friedrich and Davis, Charles Henry},
  year={1857},
  publisher={Little, Brown}
}

@article{stahl2006evolution,
  title={The evolution of the normal distribution},
  author={Stahl, Saul},
  journal={Mathematics magazine},
  volume={79},
  number={2},
  pages={96--113},
  year={2006},
  publisher={Taylor \& Francis}
}

@article{sacher1956statistical,
  title={On the statistical nature of mortality, with especial reference to chronic radiation mortality},
  author={Sacher, George A},
  journal={Radiology},
  volume={67},
  number={2},
  pages={250--258},
  year={1956},
  publisher={The Radiological Society of North America}
}



@article{dong2020interactive,
  title={An interactive web-based dashboard to track {COVID-19} in real time},
  author={Dong, Ensheng and Du, Hongru and Gardner, Lauren},
  journal={The Lancet infectious diseases},
  volume={20},
  number={5},
  pages={533--534},
  year={2020},
  publisher={Elsevier}
}


@book{murray2002mathematicalbiology,
  title={MathematicalBiology I. An Introduction},
  author={Murray, James Dickson},
  year={2002},
  publisher={Springer}
}

@article{glauber1963coherent,
  title={Coherent and incoherent states of the radiation field},
  author={Glauber, Roy J},
  journal={Physical Review},
  volume={131},
  number={6},
  pages={2766},
  year={1963},
  publisher={APS}
}

@article{peabody1924growth,
  title={Growth curves and railway traffic},
  author={Peabody, Leroy E},
  journal={Journal of the American Statistical Association},
  volume={19},
  number={148},
  pages={476--483},
  year={1924},
  publisher={Taylor \& Francis}
}

@Article{Winsor1932,
  author    = {C. P. Winsor},
  journal   = {Proceedings of the National Academy of Sciences},
  title     = {The Gompertz Curve as a Growth Curve},
  year      = {1932},
  month     = {jan},
  number    = {1},
  pages     = {1--8},
  volume    = {18},
  doi       = {10.1073/pnas.18.1.1},
  publisher = {Proceedings of the National Academy of Sciences},
}

@Article{Elmore2020,
  author    = {Joann G Elmore and Pin-Chieh Wang and Kathleen F Kerr and David L Schriger and Douglas E Morrison and Ron Brookmeyer and Michael A Pfeffer and Thomas H Payne and Judith S Currier},
  journal   = {Journal of Medical Internet Research},
  title     = {Excess Patient Visits for Cough and Pulmonary Disease at a Large {US} Health System in the Months Prior to the {COVID}-19 Pandemic: Time-Series Analysis},
  year      = {2020},
  month     = {sep},
  number    = {9},
  pages     = {e21562},
  volume    = {22},
  doi       = {10.2196/21562},
  publisher = {{JMIR} Publications Inc.},
}

@Article{Mordachev2020,
  author    = {V. I. Mordachev},
  journal   = {Doklady {BGUIR}},
  title     = {Correlation between the potential electromagnetic pollution level and the danger of {COVID}-19. 4G/5G/6G can be safe for people},
  year      = {2020},
  month     = {jun},
  number    = {4},
  pages     = {96--112},
  volume    = {18},
  doi       = {10.35596/1729-7648-2020-18-4-96-112},
  publisher = {Belarusian State University of Informatics and Radioelectronics},
}

@Article{Morens2010,
  author    = {David M. Morens and Jeffery K. Taubenberger},
  journal   = {Influenza and Other Respiratory Viruses},
  title     = {Historical thoughts on influenza viral ecosystems, or behold a pale horse, dead dogs, failing fowl, and sick swine},
  year      = {2010},
  month     = {aug},
  number    = {6},
  pages     = {327--337},
  volume    = {4},
  doi       = {10.1111/j.1750-2659.2010.00148.x},
  publisher = {Wiley},
}

@Manual{Rproject,
  title        = {R: A Language and Environment for Statistical Computing},
  address      = {Vienna, Austria},
  author       = {{R Core Team}},
  organization = {R Foundation for Statistical Computing},
  year         = {2018},
  url          = {https://www.R-project.org/},
}

@Article{HopeSimson1978,
  author    = {R. E. Hope-Simson},
  journal   = {Nature},
  title     = {Sunspots and flu: a correlation},
  year      = {1978},
  month     = {sep},
  number    = {5676},
  pages     = {86--86},
  volume    = {275},
  doi       = {10.1038/275086a0},
  publisher = {Springer Science and Business Media {LLC}},
}

@Article{Ing1978,
  author    = {Roy Ing},
  journal   = {Nature},
  title     = {Solar activity and influenza},
  year      = {1978},
  month     = {dec},
  number    = {5688},
  pages     = {556--556},
  volume    = {276},
  doi       = {10.1038/276556a0},
  publisher = {Springer Science and Business Media {LLC}},
}

@Article{CastilloOlivares2020,
  author    = {Javier Castillo-Olivares},
  journal   = {Equine Veterinary Journal},
  title     = {African horse sickness in Thailand: Challenges of controlling an outbreak by vaccination},
  year      = {2020},
  month     = {oct},
  number    = {1},
  pages     = {9--14},
  volume    = {53},
  doi       = {10.1111/evj.13353},
  publisher = {Wiley},
}

@article{prescott1922law,
  title={Law of growth in forecasting demand},
  author={Prescott, Raymond B},
  journal={Journal of the American Statistical Association},
  volume={18},
  number={140},
  pages={471--479},
  year={1922},
  publisher={Taylor \& Francis}
}

@article{gompertz1825xxiv,
  title={XXIV. On the nature of the function expressive of the law of human mortality, and on a new mode of determining the value of life contingencies. In a letter to Francis Baily, Esq. FRS \&c},
  author={Gompertz, Benjamin},
  journal={Philosophical transactions of the Royal Society of London},
  number={115},
  pages={513--583},
  year={1825},
  publisher={The Royal Society London}
}


@Article{Charvet2021,
  author    = {Benjamin Charvet and Magalie Mazelier and Joanna Brunel and Justine Pierquin and Said Mougari and Matthieu Iampietro and Didier Decimo and Nelly Queruel and Cyrille Matthieu and Branka Horvat and Herv{\'{e}} Perron},
  title     = {{SARS}-{CoV}-2 induces transcription of human endogenous retrovirus {RNA} followed by type W envelope protein expression in human lymphoid cells.},
  year      = {2021},
  month     = {apr},
  doi       = {10.21203/rs.3.rs-301236/v1},
  publisher = {Research Square Platform {LLC}},
}

@Article{RenteriaSolis2021,
  author    = {Zaida Renter{\'{\i}}a-Sol{\'{\i}}s and Martin Peters and Sandra Gawlowska and Ronald Schmäschke},
  journal   = {Veterinary Parasitology: Regional Studies and Reports},
  title     = {Diplotriaena obtusa infection in an Eurasian blue tit (Cyanistes caeruleus) in Germany. Pathology and phylogenetic analysis},
  year      = {2021},
  month     = {jan},
  pages     = {100527},
  volume    = {23},
  doi       = {10.1016/j.vprsr.2020.100527},
  publisher = {Elsevier {BV}},
}

@Article{Fischer2021,
  author    = {Luisa Fischer and Martin Peters and Sabine Merbach and Maja Eydner and Annette Kuczka and Jacqueline Lambertz and Maren Kummerfeld and Konstanze Kahnt and Alexander Weiss and Henning Petersen},
  journal   = {European Journal of Wildlife Research},
  title     = {Increased mortality in wild tits in North Rhine-Westphalia (Germany) in 2020 with a special focus on Suttonella ornithocola and other infectious pathogens},
  year      = {2021},
  month     = {may},
  number    = {3},
  volume    = {67},
  doi       = {10.1007/s10344-021-01500-7},
  publisher = {Springer Science and Business Media {LLC}},
}

@Article{Merbach2021,
  author    = {S. Merbach and B. Schönhofer},
  journal   = {Pneumologie},
  title     = {Akut nekrotisierende Pneumonie bei Blaumeisen},
  year      = {2021},
  month     = {feb},
  number    = {05},
  pages     = {377--382},
  volume    = {75},
  doi       = {10.1055/a-1288-4520},
  publisher = {Georg Thieme Verlag {KG}},
}

@Article{Boley2021,
  author    = {Aaron C. Boley and Michael Byers},
  journal   = {Scientific Reports},
  title     = {Satellite mega-constellations create risks in Low Earth Orbit, the atmosphere and on Earth},
  year      = {2021},
  month     = {may},
  number    = {1},
  volume    = {11},
  doi       = {10.1038/s41598-021-89909-7},
  publisher = {Springer Science and Business Media {LLC}},
}

@Article{McDowell2020,
  author    = {Jonathan C. McDowell},
  journal   = {The Astrophysical Journal},
  title     = {The Low Earth Orbit Satellite Population and Impacts of the {SpaceX} Starlink Constellation},
  year      = {2020},
  month     = {apr},
  number    = {2},
  pages     = {L36},
  volume    = {892},
  doi       = {10.3847/2041-8213/ab8016},
  publisher = {American Astronomical Society},
}

@Article{Nagaraja2013,
  author    = {Kamsali Nagaraja and S D Pawar and P Murugavel and V Gopalakrishnan},
  journal   = {Mapana - Journal of Sciences},
  title     = {Electrical Conductivity of the Stratosphere},
  year      = {2013},
  month     = {jan},
  number    = {1},
  pages     = {39--47},
  volume    = {12},
  doi       = {10.12723/mjs.24.5},
  publisher = {Christ University Bangalore},
}

@Article{Zenchenko2021,
  author    = {Tatiana Alexandrovna Zenchenko and Tamara Konstantinovna Breus},
  journal   = {Atmosphere},
  title     = {The Possible Effect of Space Weather Factors on Various Physiological Systems of the Human Organism},
  year      = {2021},
  month     = {mar},
  number    = {3},
  pages     = {346},
  volume    = {12},
  doi       = {10.3390/atmos12030346},
  publisher = {{MDPI} {AG}},
}

@Article{Alabdulgader2018,
  author    = {Abdullah Alabdulgader and Rollin McCraty and Michael Atkinson and York Dobyns and Alfonsas Vainoras and Minvydas Ragulskis and Viktor Stolc},
  journal   = {Scientific Reports},
  title     = {Long-Term Study of Heart Rate Variability Responses to Changes in the Solar and Geomagnetic Environment},
  year      = {2018},
  month     = {feb},
  number    = {1},
  volume    = {8},
  doi       = {10.1038/s41598-018-20932-x},
  publisher = {Springer Science and Business Media {LLC}},
}

@Article{Marchitelli2020,
  author    = {Vito Marchitelli and Paolo Harabaglia and Claudia Troise and Giuseppe De Natale},
  journal   = {Scientific Reports},
  title     = {On the correlation between solar activity and large earthquakes worldwide},
  year      = {2020},
  month     = {jul},
  number    = {1},
  volume    = {10},
  doi       = {10.1038/s41598-020-67860-3},
  publisher = {Springer Science and Business Media {LLC}},
}

@Article{Witze2019,
  author    = {Alexandra Witze},
  journal   = {Nature},
  title     = {Global 5G wireless networks threaten weather forecasts},
  year      = {2019},
  month     = {apr},
  number    = {7754},
  pages     = {17--18},
  volume    = {569},
  doi       = {10.1038/d41586-019-01305-4},
  publisher = {Springer Science and Business Media {LLC}},
}

@Article{Balmori2021,
  author    = {Alfonso Balmori},
  journal   = {Science of The Total Environment},
  title     = {Electromagnetic radiation as an emerging driver factor for the decline of insects},
  year      = {2021},
  month     = {may},
  pages     = {144913},
  volume    = {767},
  doi       = {10.1016/j.scitotenv.2020.144913},
  publisher = {Elsevier {BV}},
}

@article{markov2019reaction,
  title={Reaction networks reveal new links between Gompertz and Verhulst growth functions},
  author={Markov, Svetoslav Marinov},
  journal={Biomath},
  volume={8},
  number={1},
  pages={ID--1904167},
  year={2019}
}


@Article{Hallmann2017,
  author    = {Caspar A. Hallmann and Martin Sorg and Eelke Jongejans and Henk Siepel and Nick Hofland and Heinz Schwan and Werner Stenmans and Andreas Müller and Hubert Sumser and Thomas Hörren and Dave Goulson and Hans de Kroon},
  journal   = {{PLOS} {ONE}},
  title     = {More than 75 percent decline over 27 years in total flying insect biomass in protected areas},
  year      = {2017},
  month     = {oct},
  number    = {10},
  pages     = {e0185809},
  volume    = {12},
  doi       = {10.1371/journal.pone.0185809},
  editor    = {Eric Gordon Lamb},
  publisher = {Public Library of Science ({PLoS})},
}

@Article{Thielens2018,
  author    = {Arno Thielens and Duncan Bell and David B. Mortimore and Mark K. Greco and Luc Martens and Wout Joseph},
  journal   = {Scientific Reports},
  title     = {Exposure of Insects to Radio-Frequency Electromagnetic Fields from 2 to 120{\hspace{0.167em}}{GHz}},
  year      = {2018},
  month     = {mar},
  number    = {1},
  volume    = {8},
  doi       = {10.1038/s41598-018-22271-3},
  publisher = {Springer Science and Business Media {LLC}},
}

@Article{Nebel2020,
  author    = {Silke Nebel and James Casey and Marc-Andr{\'{e}} Cyr and Kevin J. Kardynal and Elizabeth A. Krebs and Elisabeth F. Purves and Marc B{\'{e}}lisle and R. Mark Brigham and Elly C. Knight and Christy Morrissey and Robert G. Clark},
  title     = {Falling through the policy cracks: implementing a roadmap to conserve aerial insectivores in North America},
  year      = {2020},
  number    = {1},
  volume    = {15},
  doi       = {10.5751/ace-01618-150123},
  publisher = {Resilience Alliance, Inc.},
}

@Article{Rosenberg2019,
  author    = {Kenneth V. Rosenberg and Adriaan M. Dokter and Peter J. Blancher and John R. Sauer and Adam C. Smith and Paul A. Smith and Jessica C. Stanton and Arvind Panjabi and Laura Helft and Michael Parr and Peter P. Marra},
  title     = {Decline of the North American avifauna},
  year      = {2019},
  month     = {oct},
  number    = {6461},
  pages     = {120--124},
  volume    = {366},
  doi       = {10.1126/science.aaw1313},
  publisher = {American Association for the Advancement of Science ({AAAS})},
}

@Article{Wagner2021,
  author    = {David L. Wagner and Eliza M. Grames and Matthew L. Forister and May R. Berenbaum and David Stopak},
  title     = {Insect decline in the Anthropocene: Death by a thousand cuts},
  year      = {2021},
  month     = {jan},
  number    = {2},
  pages     = {e2023989118},
  volume    = {118},
  doi       = {10.1073/pnas.2023989118},
  publisher = {Proceedings of the National Academy of Sciences},
}

@Article{Piatt2020,
  author    = {John F. Piatt and Julia K. Parrish and Heather M. Renner and Sarah K. Schoen and Timothy T. Jones and Mayumi L. Arimitsu and Kathy J. Kuletz and Barbara Bodenstein and Marisol Garc{\'{\i}}a-Reyes and Rebecca S. Duerr and Robin M. Corcoran and Robb S. A. Kaler and Gerard J. McChesney and Richard T. Golightly and Heather A. Coletti and Robert M. Suryan and Hillary K. Burgess and Jackie Lindsey and Kirsten Lindquist and Peter M. Warzybok and Jaime Jahncke and Jan Roletto and William J. Sydeman},
  title     = {Extreme mortality and reproductive failure of common murres resulting from the northeast Pacific marine heatwave of 2014-2016},
  year      = {2020},
  month     = {jan},
  number    = {1},
  pages     = {e0226087},
  volume    = {15},
  doi       = {10.1371/journal.pone.0226087},
  editor    = {David Hyrenbach},
  publisher = {Public Library of Science ({PLoS})},
}

@Article{Fey2015,
  author    = {Samuel B. Fey and Adam M. Siepielski and S{\'{e}}bastien Nussl{\'{e}} and Kristina Cervantes-Yoshida and Jason L. Hwan and Eric R. Huber and Maxfield J. Fey and Alessandro Catenazzi and Stephanie M. Carlson},
  title     = {Recent shifts in the occurrence, cause, and magnitude of animal mass mortality events},
  year      = {2015},
  month     = {jan},
  number    = {4},
  pages     = {1083--1088},
  volume    = {112},
  doi       = {10.1073/pnas.1414894112},
  publisher = {Proceedings of the National Academy of Sciences},
}

@Article{Cavezzi2020,
  author    = {Attilio Cavezzi and Emidio Troiani and Salvatore Corrao},
  title     = {{COVID}-19: Hemoglobin, Iron, and Hypoxia beyond Inflammation. A Narrative Review},
  year      = {2020},
  month     = {may},
  number    = {2},
  pages     = {24--30},
  volume    = {10},
  doi       = {10.4081/cp.2020.1271},
  publisher = {{MDPI} {AG}},
}

@Article{Levi2020,
  author    = {Marcel Levi and Jecko Thachil and Toshiaki Iba and Jerrold H Levy},
  title     = {Coagulation abnormalities and thrombosis in patients with {COVID}-19},
  year      = {2020},
  month     = {jun},
  number    = {6},
  pages     = {e438--e440},
  volume    = {7},
  doi       = {10.1016/s2352-3026(20)30145-9},
  publisher = {Elsevier {BV}},
}

@Article{Deshmukh2020,
  author    = {Vishwajit Deshmukh and Rohini Motwani and Ashutosh Kumar and Chiman Kumari and Khursheed Raza},
  title     = {Histopathological observations in {COVID}-19: a systematic review},
  year      = {2020},
  month     = {aug},
  number    = {2},
  pages     = {76--83},
  volume    = {74},
  doi       = {10.1136/jclinpath-2020-206995},
  publisher = {{BMJ}},
}

@Article{Saleh2020,
  author    = {Jumana Saleh and Carole Peyssonnaux and Keshav K Singh and Marvin Edeas},
  title     = {Mitochondria and microbiota dysfunction in {COVID}-19 pathogenesis},
  year      = {2020},
  month     = {sep},
  pages     = {1--7},
  volume    = {54},
  doi       = {10.1016/j.mito.2020.06.008},
  publisher = {Elsevier {BV}},
}

@Book{Newman2014,
  author    = {Michael C. Newman},
  publisher = {{CRC} Press},
  title     = {Fundamentals of Ecotoxicology},
  year      = {2014},
  month     = {dec},
  doi       = {10.1201/b17658},
}

@Article{Collins2021,
  author    = {Marisol Collins and David A. Singleton and Peter J. M. Noble and Gina L. Pinchbeck and Shirley Smith and Bethaney Brant and Steven Smyth and Alan D. Radford and Charlotte Appleton and Christopher Jewell and Barry Rowlingson and Sarah Caddy and Philip H. Jones},
  journal   = {Veterinary Record},
  title     = {Small animal disease surveillance 2020/21: {SARS}-{CoV}-2, syndromic surveillance and an outbreak of acute vomiting in {UK} dogs},
  year      = {2021},
  month     = {apr},
  number    = {8},
  pages     = {304--304},
  volume    = {188},
  doi       = {10.1002/vetr.427},
  publisher = {Wiley},
}

@WWW{Wiemers2021,
  author = {Holly Wiemers},
  month  = feb,
  note   = {accessed online 06-jul-2021},
  title  = {University of Kentucky’s Department of Veterinary Science responds to Nocardioform placentitis},
  url    = {https://www.research.uky.edu/news/uks-department-veterinary-science-responds-equine-placental-disease},
  year   = {2021},
}

@Article{Carter2016,
  author    = {C.N. Carter and E. Erol and N.D. Cohen and J.L. Smith},
  journal   = {Journal of Equine Veterinary Science},
  title     = {Diagnostic epidemiology of nocardioform placentitis and abortion in Kentucky, 1991-2015},
  year      = {2016},
  month     = {apr},
  pages     = {S59--S60},
  volume    = {39},
  doi       = {10.1016/j.jevs.2016.02.129},
  publisher = {Elsevier {BV}},
}

@InProceedings{ECDC2020,
  author    = {{European Centre for Disease Prevention and Control (ECDC)}},
  booktitle = {ECDC. Annual epidemiological report for 2019},
  title     = {Seasonal influenza 2019-2020},
  year      = {2020},
  month     = aug,
  note      = {\url{http://ewda.org/wp-content/uploads/2020/07/EWDA-Summer-Newsletter-2020.pdf}},
  url       = {https://www.ecdc.europa.eu/sites/default/files/documents/AER_for_2019_influenza-seasonal.pdf},
}

@WWW{SCMP2020,
  author = {Josephine Ma},
  editor = {{South China Morning Post}},
  month  = mar,
  title  = {Coronavirus: China’s first confirmed Covid-19 case traced back to November 17},
  url    = {https://www.scmp.com/news/china/society/article/3074991/coronavirus-chinas-first-confirmed-covid-19-case-traced-back},
  year   = {2020},
}

@Report{NINA2020,
  author = {Sveinn Are Hanssen and Signe Christensen-Dalsgaard and Børge Moe and Magdalene Langset and Tycho Anker-Nilssen},
  note   = {\url{https://brage.nina.no/nina-xmlui/bitstream/handle/11250/2671391/ninarapport1862.pdf}},
  school = {Norwegian Institute for Nature Research},
  title  = {Increased winter mortality in common eiders in southern Norway. Status report autumn 2020. NINA Report 1862.(\emph{Økt vinterdødelighet hos ærfugl i ytre Oslofjord og Agder. Statusrapport høsten 2020. NINA Rapport 1862})},
  year   = {2020},
}

@Article{Karlinsky2021,
  author    = {Ariel Karlinsky and Dmitry Kobak},
  journal   = {{eLife}},
  title     = {Tracking excess mortality across countries during the {COVID}-19 pandemic with the World Mortality Dataset},
  year      = {2021},
  month     = jun,
  volume    = {10},
  doi       = {10.7554/elife.69336},
  publisher = {{eLife} Sciences Publications, Ltd},
}

@Article{Kuchipudi2021,
  author    = {Suresh V. Kuchipudi and Meera Surendran-Nair and Rachel M. Ruden and Michelle Yon and Ruth H. Nissly and Rahul K. Nelli and Lingling Li and Bhushan M. Jayarao and Kurt J. Vandegrift and Costas D. Maranas and Nicole Levine and Katriina Willgert and Andrew J. K. Conlan and Randall J. Olsen and James J. Davis and James M. Musser and Peter J. Hudson and Vivek Kapur},
  title     = {Multiple spillovers and onward transmission of {SARS}-{CoV}-2 in free-living and captive white-tailed deer},
  year      = {2021},
  month     = {nov},
  doi       = {10.1101/2021.10.31.466677},
  publisher = {Cold Spring Harbor Laboratory},
}

@article{heng2020approximately,
  title={The approximately universal shapes of epidemic curves in the Susceptible-Exposed-Infectious-Recovered ({SEIR}) model},
  author={Heng, Kevin and Althaus, Christian L},
  journal={Scientific Reports},
  volume={10},
  number={1},
  pages={1--6},
  year={2020},
  publisher={Nature Publishing Group}
}

@article{kroger2020analytical,
  title={Analytical solution of the {SIR}-model for the temporal evolution of epidemics. Part A: time-independent reproduction factor},
  author={Kr{\"o}ger, Martin and Schlickeiser, Reinhard},
  journal={Journal of Physics A: Mathematical and Theoretical},
  volume={53},
  number={50},
  pages={505601},
  year={2020},
  publisher={IOP Publishing}
}

@article{schlickeiser2021analytical,
  title={Analytical solution of the {SIR}-model for the temporal evolution of epidemics: part B. Semi-time case},
  author={Schlickeiser, Reinhard and Kr{\"o}ger, Martin},
  journal={Journal of Physics A: Mathematical and Theoretical},
  volume={54},
  number={17},
  pages={175601},
  year={2021},
  publisher={IOP Publishing}
}

@book{may2007theoretical,
  title={Theoretical ecology: principles and applications},
  author={May, Robert and McLean, Angela R},
  year={2007},
  publisher={Oxford University Press}
}

@article{berryman1992orgins,
  title={The orgins and evolution of predator-prey theory},
  author={Berryman, Alan A},
  journal={Ecology},
  volume={73},
  number={5},
  pages={1530--1535},
  year={1992},
  publisher={Wiley Online Library}
}

@article{harko2014exact,
  title={Exact analytical solutions of the Susceptible-Infected-Recovered (SIR) epidemic model and of the SIR model with equal death and birth rates},
  author={Harko, Tiberiu and Lobo, Francisco SN and Mak, MK3197716},
  journal={Applied Mathematics and Computation},
  volume={236},
  pages={184--194},
  year={2014},
  publisher={Elsevier}
}

@article{de2014stochastic,
  title={Stochastic roots of growth phenomena},
  author={De Lauro, E and De Martino, S and De Siena, S and Giorno, V},
  journal={Physica A: Statistical Mechanics and its Applications},
  volume={401},
  pages={207--213},
  year={2014},
  publisher={Elsevier}
}


@Article{Chandler2021,
  author    = {Jeffrey C. Chandler and Sarah N. Bevins and Jeremy W. Ellis and Timothy J. Linder and Rachel M. Tell and Melinda Jenkins-Moore and J. Jeffrey Root and Julianna B. Lenoch and Suelee Robbe-Austerman and Thomas J. DeLiberto and Thomas Gidlewski and Mia K. Torchetti and Susan A. Shriner},
  title     = {{SARS}-{CoV}-2 exposure in wild white-tailed deer (Odocoileus virginianus)},
  year      = {2021},
  month     = {jul},
  doi       = {10.1101/2021.07.29.454326},
  publisher = {Cold Spring Harbor Laboratory},
}

@Article{Ikeda2020,
  author    = {Takashi Ikeda and Makoto Asano and Naotoshi Kuninaga and Masatsugu Suzuki},
  journal   = {Journal of Veterinary Medical Science},
  title     = {Monitoring relative abundance index and age ratios of wild boar ($\less$i$\greater$Sus scrofa$\less$/i$\greater$) in small scale population in Gifu prefecture, Japan during classical swine fever outbreak},
  year      = {2020},
  number    = {6},
  pages     = {861--865},
  volume    = {82},
  doi       = {10.1292/jvms.20-0083},
  publisher = {Japanese Society of Veterinary Science},
}

@Article{CamposArceiz2021,
  author    = {Ahimsa Campos-Arceiz and J. Antonio de la Torre and Ke Wei and Xiaoyu O. Wu and Yufei Zhu and Mingxu Zhao and Shu Chen and Yang Bai and Richard T. Corlett and Fei Chen},
  journal   = {Conservation Letters},
  title     = {The return of the elephants: How two groups of dispersing elephants attracted the attention of billions and what can we learn from their behavior},
  year      = {2021},
  month     = {aug},
  doi       = {10.1111/conl.12836},
  publisher = {Wiley},
}

@Article{Wang2021,
  author    = {Haijun Wang and Puze Wang and Xu Zhao and Wenxia Zhang and Jing Li and Chi Xu and Ping Xie},
  journal   = {The Innovation},
  title     = {What triggered the Asian elephant{\textquotesingle}s northward migration across southwestern Yunnan?},
  year      = {2021},
  month     = {aug},
  number    = {3},
  pages     = {100142},
  volume    = {2},
  doi       = {10.1016/j.xinn.2021.100142},
  publisher = {Elsevier {BV}},
}

@Article{Power2004,
  author    = {Alison~G. Power and Charles~E. Mitchell},
  journal   = {The American Naturalist},
  title     = {Pathogen Spillover in Disease Epidemics},
  year      = {2004},
  month     = {nov},
  number    = {S5},
  pages     = {S79--S89},
  volume    = {164},
  doi       = {10.1086/424610},
  publisher = {University of Chicago Press},
}

@Article{Frutos2021,
  author    = {Roger Frutos and Laurent Gavotte and Christian A. Devaux},
  journal   = {Infection, Genetics and Evolution},
  title     = {Understanding the origin of {COVID}-19 requires to change the paradigm on zoonotic emergence from the spillover to the circulation model},
  year      = {2021},
  month     = {nov},
  pages     = {104812},
  volume    = {95},
  doi       = {10.1016/j.meegid.2021.104812},
  publisher = {Elsevier {BV}},
}

@Article{Matyasek2020,
  author    = {Roman Maty{\'{a}}{\v{s}}ek and Ale{\v{s}} Kova{\v{r}}{\'{\i}}k},
  journal   = {Genes},
  title     = {Mutation Patterns of Human {SARS}-{CoV}-2 and Bat {RaTG}13 Coronavirus Genomes Are Strongly Biased Towards C $\>$ U Transitions, Indicating Rapid Evolution in Their Hosts},
  year      = {2020},
  month     = {jul},
  number    = {7},
  pages     = {761},
  volume    = {11},
  doi       = {10.3390/genes11070761},
  publisher = {{MDPI} {AG}},
}

@Article{Frutos2020,
  author    = {Roger Frutos and Jordi Serra-Cobo and Tianmu Chen and Christian A. Devaux},
  journal   = {Infection, Genetics and Evolution},
  title     = {{COVID}-19: Time to exonerate the pangolin from the transmission of {SARS}-{CoV}-2 to humans},
  year      = {2020},
  month     = {oct},
  pages     = {104493},
  volume    = {84},
  doi       = {10.1016/j.meegid.2020.104493},
  publisher = {Elsevier {BV}},
}

@Article{Heneghan2021,
  author    = {Carl J. Heneghan and Elizabeth A. Spencer and Jon Brassey and Annette Plüddemann and Igho J. Onakpoya and David H. Evans and John M. Conly and Tom Jefferson},
  journal   = {F1000Research},
  title     = {{SARS}-{CoV}-2 and the role of airborne transmission: a systematic review},
  year      = {2021},
  month     = {mar},
  pages     = {232},
  volume    = {10},
  doi       = {10.12688/f1000research.52091.1},
  publisher = {F1000 Research Ltd},
}

@Article{Arpino2020,
  author    = {Bruno Arpino and Valeria Bordone and Marta Pasqualini},
  journal   = {Proceedings of the National Academy of Sciences},
  title     = {No clear association emerges between intergenerational relationships and {COVID}-19 fatality rates from macro-level analyses},
  year      = {2020},
  month     = {jul},
  number    = {32},
  pages     = {19116--19121},
  volume    = {117},
  doi       = {10.1073/pnas.2008581117},
  publisher = {Proceedings of the National Academy of Sciences},
}

@Electronic{jaggi_2001,
  author  = {Sarah Knapton},
  month   = {Aug},
  title   = {Top scientists remain puzzled over how and why Covid spreads},
  url     = {https://www.telegraph.co.uk/news/2021/08/07/top-scientists-remain-puzzled-covid-spreads/},
  year    = {2021},
  journal = {The Telegraph},
}

@Article{Ceballos2017,
  author    = {Gerardo Ceballos and Paul R. Ehrlich and Rodolfo Dirzo},
  journal   = {Proceedings of the National Academy of Sciences},
  title     = {Biological annihilation via the ongoing sixth mass extinction signaled by vertebrate population losses and declines},
  year      = {2017},
  month     = {jul},
  number    = {30},
  pages     = {E6089--E6096},
  volume    = {114},
  doi       = {10.1073/pnas.1704949114},
  publisher = {Proceedings of the National Academy of Sciences},
}

@Article{Levitt2020,
  author    = {Michael Levitt and Andrea Scaiewicz and Francesco Zonta},
  title     = {Predicting the Trajectory of Any {COVID}19 Epidemic From the Best Straight Line},
  year      = {2020},
  journal   = {medRxiv},
  month     = {jun},
  doi       = {10.1101/2020.06.26.20140814},
  publisher = {Cold Spring Harbor Laboratory},
}

@Article{Rypdal2020,
  author    = {Kristoffer Rypdal and Martin Rypdal},
  journal   = {International Journal of Environmental Research and Public Health},
  title     = {A Parsimonious Description and Cross-Country Analysis of {COVID}-19 Epidemic Curves},
  year      = {2020},
  month     = {sep},
  number    = {18},
  pages     = {6487},
  volume    = {17},
  doi       = {10.3390/ijerph17186487},
  publisher = {{MDPI} {AG}},
}

@Article{Ohnishi2020,
  author    = {Akira Ohnishi and Yusuke Namekawa and Tokuro Fukui},
  journal   = {Progress of Theoretical and Experimental Physics},
  title     = {Universality in {COVID}-19 spread in view of the Gompertz function},
  year      = {2020},
  month     = {oct},
  number    = {12},
  volume    = {2020},
  doi       = {10.1093/ptep/ptaa148},
  publisher = {Oxford University Press ({OUP})},
}

@Article{Gompertz1825,
  author    = {Benjamin Gompertz},
  journal   = {Philosophical Transactions of the Royal Society of London},
  title     = {{XXIV}. {O}n the nature of the function expressive of the law of human mortality, and on a new mode of determining the value of life contingencies. In a letter to Francis Baily, Esq. F. R. S. {\&}c},
  year      = {1825},
  month     = {dec},
  pages     = {513--583},
  volume    = {115},
  doi       = {10.1098/rstl.1825.0026},
  publisher = {The Royal Society},
}

@Article{Perez2020,
  author    = {Francisco Javier Diaz Perez and David Chinarro and Rosa Pino Otin and Ricardo D{\'{\i}}az Mart{\'{\i}}n and Moises Diaz and Adib Guardiola Mouhaffel},
  journal   = {Rambam Maimonides Medical Journal},
  title     = {Comparison of Growth Patterns of {COVID}-19 Cases through the {ARIMA} and Gompertz Models. Case Studies: Austria, Switzerland, and Israel},
  year      = {2020},
  month     = {jul},
  number    = {3},
  pages     = {e0022},
  volume    = {11},
  doi       = {10.5041/rmmj.10413},
  publisher = {Rambam Health Corporation},
}

@Article{OWID2020,
  author  = {Hannah Ritchie and Edouard Mathieu and Lucas Rodés-Guirao and Cameron Appel and Charlie Giattino and Esteban Ortiz-Ospina and Joe Hasell and Bobbie Macdonald and Diana Beltekian and Max Roser},
  journal = {Our World in Data},
  title   = {Coronavirus Pandemic ({COVID-19})},
  year    = {2020},
  note    = {https://ourworldindata.org/coronavirus},
}

@WWW{NMDGF2020,
  author = {{New Mexico Department of Game and Fish}},
  month  = dec,
  note   = {accessed online 28-02-2021},
  title  = {Starvation, unexpected weather to blame in mass migratory songbird mortality},
  url    = {https://content.govdelivery.com/accounts/NMDGF/bulletins/2afbc3e?reqfrom=share},
  year   = {2020},
}

@WWW{DeStatis2021,
  author = {{DeStatis Statistisches Bundesamt}},
  month  = mar,
  note   = {accessed online 05-03-2021},
  title  = {Sterbefälle - Fallzahlen nach Tagen, Wochen, Monaten, Altersgruppen, Geschlecht und Bundesländern für Deutschland 2016 bis 2021},
  url    = {{https://www.destatis.de/DE/Themen/Gesellschaft-Umwelt/Bevoelkerung/Sterbefaelle-Lebenserwartung/Tabellen/sonderauswertung-sterbefaelle.html?nn=209016}},
  year   = {2021},
}

@WWW{RKI2021,
  author = {{Robert Koch-Institut}},
  month  = nov,
  note   = {accessed online 11-nov-2020},
  title  = {{COVID-19} Todesfälle nach Sterbedatum. Datenstand 11. November 2020.},
  url    = {https://www.rki.de/DE/Content/InfAZ/N/Neuartiges_Coronavirus/Projekte_RKI/{COVID-19}_Todesfaelle.html},
  year   = {2020},
}

@WWW{Ecuador2021,
  author = {{Servicio Nacional de Gestión de Riesgos y Emergencias}},
  month  = aug,
  note   = {accessed online 07-aug-2021},
  title  = {Informes de Situación e Infografías — COVID 19 — desde el 29 de Febrero del 2020.},
  url    = {https://www.gestionderiesgos.gob.ec/informes-de-situacion-covid-19-desde-el-13-de-marzo-del-2020/},
  year   = {2021},
}

@WWW{Attardo2020,
  author = {David Attardo},
  editor = {EkstraBladet},
  month  = apr,
  note   = {accessed online 2021-03-20},
  title  = {Mystik på dansk ø: Døde fugle overalt (\emph{Mystery on Danish island: dead birds everywhere})},
  url    = {https://ekstrabladet.dk/nyheder/samfund/mystik-paa-dansk-oe-doede-fugle-overalt/8090325},
  year   = {2020},
}

@WWW{BluePearl2021,
  author = {{BluePearl Specialty and Emergency Pet Hospital}},
  month  = feb,
  title  = {People and Pets in the Pandemic. BluePearl Pet Hospital's 2020 pet owner report.},
  url    = {https://bluepearlvet.com/wp-content/uploads/2021/02/BluePearl-Pet-Hospitals-2020-Pet-Owner-Report-People-and-Pets-in-the-Pandemic.pdf},
  year   = {2021},
}

@Article{Duff2020,
  author    = {Paul Duff and Caroline Fenemore and Paul Holmes and Beverley Hopkins and Jeff Jones and Maggie He and David Everest and Mara Rocchi},
  journal   = {Veterinary Record},
  title     = {Disease surveillance in England and Wales, December 2019},
  year      = {2020},
  month     = jan,
  number    = {1},
  pages     = {15--16},
  volume    = {186},
  doi       = {10.1136/vr.m68},
  publisher = {Wiley},
}

@Article{Kambayashi2021,
  author    = {Yoshinori Kambayashi and Hiroshi Bannai and Koji Tsujimura and Akiko Hirama and Minoru Ohta and Manabu Nemoto},
  journal   = {Comparative Immunology, Microbiology and Infectious Diseases},
  title     = {Outbreak of equine coronavirus infection among riding horses in Tokyo, Japan},
  year      = {2021},
  month     = aug,
  pages     = {101668},
  volume    = {77},
  doi       = {10.1016/j.cimid.2021.101668},
  publisher = {Elsevier {BV}},
}

@Report{Brown2020,
  author = {Gayle Brown and Jane Galyon},
  month  = dec,
  school = {Center for Food Security and Public Health, Iowa State University, College of Veterinary Medicine},
  title  = {TEDA Incursion: Rabbit Hemorrhagic Disease in the Southwestern U.S. 2020},
  url    = {https://www.cfsph.iastate.edu/pdf/RHDV2-rabbit-hemorrhagic-disease-outbreak-2020},
  year   = {2020},
}

@Article{Hu2020,
  author    = {Bo Hu and Houjun Wei and Zhiyu Fan and Yanhua Song and Mengmeng Chen and Rulong Qiu and Weifeng Zhu and Weizhong Xu and Jiabin Xue and Fang Wang},
  journal   = {Veterinary Medicine and Science},
  title     = {Emergence of rabbit haemorrhagic disease virus 2 in China in 2020},
  year      = {2020},
  month     = aug,
  number    = {1},
  pages     = {236--239},
  volume    = {7},
  doi       = {10.1002/vms3.332},
  publisher = {Wiley},
}

@Article{Fukui2021,
  author    = {Hiroto Fukui and Hiroshi Shimoda and Sho Kadekaru and Chizuka Henmi and Yumi Une},
  journal   = {Journal of Veterinary Medical Science},
  title     = {Rabbit hemorrhagic disease virus type 2 epidemic in a rabbit colony in Japan},
  year      = {2021},
  number    = {5},
  pages     = {841--845},
  volume    = {83},
  doi       = {10.1292/jvms.21-0007},
  publisher = {Japanese Society of Veterinary Science},
}

@Article{Wu2020,
  author    = {Fan Wu and Su Zhao and Bin Yu and Yan-Mei Chen and Wen Wang and Zhi-Gang Song and Yi Hu and Zhao-Wu Tao and Jun-Hua Tian and Yuan-Yuan Pei and Ming-Li Yuan and Yu-Ling Zhang and Fa-Hui Dai and Yi Liu and Qi-Min Wang and Jiao-Jiao Zheng and Lin Xu and Edward C. Holmes and Yong-Zhen Zhang},
  journal   = {Nature},
  title     = {A new coronavirus associated with human respiratory disease in China},
  year      = {2020},
  month     = {feb},
  number    = {7798},
  pages     = {265--269},
  volume    = {579},
  doi       = {10.1038/s41586-020-2008-3},
  publisher = {Springer Science and Business Media {LLC}},
}

@Article{McAloose2020,
  author    = {Denise McAloose and Melissa Laverack and Leyi Wang and Mary Lea Killian and Leonardo C. Caserta and Fangfeng Yuan and Patrick K. Mitchell and Krista Queen and Matthew R. Mauldin and Brittany D. Cronk and Susan L. Bartlett and John M. Sykes and Stephanie Zec and Tracy Stokol and Karen Ingerman and Martha A. Delaney and Richard Fredrickson and Marina Ivan{\v{c}}i{\'{c}} and Melinda Jenkins-Moore and Katie Mozingo and Kerrie Franzen and Nichole Hines Bergeson and Laura Goodman and Haibin Wang and Ying Fang and Colleen Olmstead and Colleen McCann and Patrick Thomas and Erin Goodrich and Fran{\c{c}}ois Elvinger and David C. Smith and Suxiang Tong and Sally Slavinski and Paul P. Calle and Karen Terio and Mia Kim Torchetti and Diego G. Diel},
  journal   = {{mBio}},
  title     = {From People to Panthera : Natural {SARS}-{CoV}-2 Infection in Tigers and Lions at the Bronx Zoo},
  year      = {2020},
  month     = {oct},
  number    = {5},
  volume    = {11},
  doi       = {10.1128/mbio.02220-20},
  editor    = {Xiang-Jin Meng},
  publisher = {American Society for Microbiology},
}

@Article{Sit2020,
  author    = {Thomas H. C. Sit and Christopher J. Brackman and Sin Ming Ip and Karina W. S. Tam and Pierra Y. T. Law and Esther M. W. To and Veronica Y. T. Yu and Leslie D. Sims and Dominic N. C. Tsang and Daniel K. W. Chu and Ranawaka A. P. M. Perera and Leo L. M. Poon and Malik Peiris},
  journal   = {Nature},
  title     = {Infection of dogs with {SARS}-{CoV}-2},
  year      = {2020},
  month     = {may},
  number    = {7831},
  pages     = {776--778},
  volume    = {586},
  doi       = {10.1038/s41586-020-2334-5},
  publisher = {Springer Science and Business Media {LLC}},
}

@Article{Patterson2020,
  author    = {E. I. Patterson and G. Elia and A. Grassi and A. Giordano and C. Desario and M. Medardo and S. L. Smith and E. R. Anderson and T. Prince and G. T. Patterson and E. Lorusso and M. S. Lucente and G. Lanave and S. Lauzi and U. Bonfanti and A. Stranieri and V. Martella and F. Solari Basano and V. R. Barrs and A. D. Radford and U. Agrimi and G. L. Hughes and S. Paltrinieri and N. Decaro},
  journal   = {Nature Communications},
  title     = {Evidence of exposure to {SARS}-{CoV}-2 in cats and dogs from households in Italy},
  year      = {2020},
  month     = {dec},
  number    = {1},
  volume    = {11},
  doi       = {10.1038/s41467-020-20097-0},
  publisher = {Springer Science and Business Media {LLC}},
}

@Article{Carozzi2020,
  author    = {Felipe Carozzi},
  journal   = {{SSRN} Electronic Journal},
  title     = {Urban Density and Covid-19},
  year      = {2020},
  doi       = {10.2139/ssrn.3643204},
  publisher = {Elsevier {BV}},
}

@article{khavarian2021high,
  title={Are high-density districts more vulnerable to the {COVID-19} pandemic?},
  author={Khavarian-Garmsir, Amir Reza and Sharifi, Ayyoob and Moradpour, Nabi},
  journal={Sustainable Cities and Society},
  volume={70},
  pages={102911},
  year={2021},
  publisher={Elsevier}
}

@article{barak2021urban,
  title={Urban attributes and the spread of {COVID-19}: The effects of density, compliance and socio-political factors in Israel},
  author={Barak, Nir and Sommer, Udi and Mualam, Nir},
  journal={Science of the Total Environment},
  volume={793},
  pages={148626},
  year={2021},
  publisher={Elsevier}
}

@Article{Hamidi2020,
  author    = {Shima Hamidi and Sadegh Sabouri and Reid Ewing},
  journal   = {Journal of the American Planning Association},
  title     = {Does Density Aggravate the {COVID}-19 Pandemic?},
  year      = {2020},
  month     = jun,
  number    = {4},
  pages     = {495--509},
  volume    = {86},
  doi       = {10.1080/01944363.2020.1777891},
  publisher = {Informa {UK} Limited},
}

@Article{Hamidi2020a,
  author    = {Shima Hamidi and Reid Ewing and Sadegh Sabouri},
  journal   = {Health {\&} Place},
  title     = {Longitudinal analyses of the relationship between development density and the {COVID}-19 morbidity and mortality rates: Early evidence from 1,165 metropolitan counties in the United States},
  year      = {2020},
  month     = jul,
  pages     = {102378},
  volume    = {64},
  doi       = {10.1016/j.healthplace.2020.102378},
  publisher = {Elsevier {BV}},
}

@Article{Moosa2021,
  author    = {Imad A. Moosa and Ibrahim N. Khatatbeh},
  journal   = {The International Journal of Health Planning and Management},
  title     = {The density paradox: Are densely-populated regions more vulnerable to Covid-19?},
  year      = {2021},
  month     = may,
  number    = {5},
  pages     = {1575--1588},
  volume    = {36},
  doi       = {10.1002/hpm.3189},
  publisher = {Wiley},
}

@WWW{DWHC2020b,
  author = {{Dutch Wildlife Health Center}},
  month  = may,
  note   = {accessed online 04-jul-2021},
  title  = {Update pimpelmezensterfte Nederland (\emph{Update on Dutch blue tit mortality})},
  url    = {https://www.dwhc.nl/update-pimpelmezensterfte-nederland/},
  year   = {2020},
}

@article{zhang1994log,
  title={Log-normal distribution of physiological parameters and the coherence of biological systems},
  author={Zhang, Chang-Lin and Popp, Fritz-Albert},
  journal={Medical Hypotheses},
  volume={43},
  number={1},
  pages={11--16},
  year={1994},
  publisher={Elsevier}
}


@Article{Zhang2020,
  author    = {Liguo Zhang and Alexsia Richards and Andrew Khalil and Emile Wogram and Haiting Ma and Richard A. Young and Rudolf Jaenisch},
  title     = {{SARS}-{CoV}-2 {RNA} reverse-transcribed and integrated into the human genome},
  year      = {2020},
  month     = {dec},
  doi       = {10.1101/2020.12.12.422516},
  publisher = {Cold Spring Harbor Laboratory},
}

@Article{Giannessi2020,
  author    = {Flavia Giannessi and Alessandra Aiello and Francesca Franchi and Zulema Antonia Percario and Elisabetta Affabris},
  journal   = {Viruses},
  title     = {The Role of Extracellular Vesicles as Allies of {HIV}, {HCV} and {SARS} Viruses},
  year      = {2020},
  month     = {may},
  number    = {5},
  pages     = {571},
  volume    = {12},
  doi       = {10.3390/v12050571},
  publisher = {{MDPI} {AG}},
}

@WWW{NABU2021,
  author = {{NABU Naturschutzbund Deutschland NABU}},
  month  = apr,
  note   = {accessed online 06-jul-2021},
  title  = {Aktuelle Entwicklung beim Meisensterben (\emph{Current developments in tit mortality})},
  url    = {https://www.nabu.de/tiere-und-pflanzen/voegel/gefaehrdungen/krankheiten/suttonella/entwicklung-meisensterben.html},
  year   = {2021},
}

@WWW{naturemwelt2020,
  author = {natur{\&}{\"e}mwelt (Nature Protection Agency Luxembourg)},
  month  = jun,
  note   = {accessed online 03-jan-2021},
  title  = {Blaumeisensterben – Fazit},
  url    = {https://www.naturemwelt.lu/de/blaumeisensterben-fazit/},
  year   = {2020},
}

@Article{Rubik2021,
  author    = {Beverly Rubik and Robert R. Brown},
  journal   = {Journal of Clinical and Translational Research},
  title     = {Evidence for a connection between {COVID}-19 and exposure to radiofrequency radiation from wireless communications including 5G},
  year      = {2021},
  doi       = {10.18053/jctres.07.202105.007},
  publisher = {Journal of Clinical and Translational Research},
}

@Article{Ogen2020,
  author    = {Yaron Ogen},
  journal   = {Science of The Total Environment},
  title     = {Assessing nitrogen dioxide ({NO}2) levels as a contributing factor to coronavirus ({COVID}-19) fatality},
  year      = {2020},
  month     = {jul},
  pages     = {138605},
  volume    = {726},
  doi       = {10.1016/j.scitotenv.2020.138605},
  publisher = {Elsevier {BV}},
}

@Article{Pozzer2020,
  author    = {Andrea Pozzer and Francesca Dominici and Andy Haines and Christian Witt and Thomas Münzel and Jos Lelieveld},
  journal   = {Cardiovascular Research},
  title     = {Regional and global contributions of air pollution to risk of death from {COVID}-19},
  year      = {2020},
  month     = {oct},
  number    = {14},
  pages     = {2247--2253},
  volume    = {116},
  doi       = {10.1093/cvr/cvaa288},
  publisher = {Oxford University Press ({OUP})},
}

@Article{Bandara2018,
  author    = {Priyanka Bandara and David O Carpenter},
  journal   = {The Lancet Planetary Health},
  title     = {Planetary electromagnetic pollution: it is time to assess its impact},
  year      = {2018},
  month     = {dec},
  number    = {12},
  pages     = {e512--e514},
  volume    = {2},
  doi       = {10.1016/s2542-5196(18)30221-3},
  publisher = {Elsevier {BV}},
}

@InCollection{Wickramasinghe2020,
  author    = {N. Chandra Wickramasinghe},
  booktitle = {Cosmic Genetic Evolution},
  publisher = {Elsevier},
  title     = {Is the 2019 novel coronavirus related to a spike of cosmic rays?},
  year      = {2020},
  pages     = {119--122},
  doi       = {10.1016/bs.adgen.2020.06.003},
}

@WWW{DDC2021,
  author = {{Department for Disease Control (Thailand Ministry of Public Health)}},
  month  = jul,
  title  = {The Covid-19 situation. Situation update by the Emergency Operation Center, Department of Disease Control.},
  url    = {https://web.archive.org/web/20200429045842/https://ddc.moph.go.th/viralpneumonia/eng/situation.php},
  year   = {2021},
}

@InProceedings{ECDC2019,
  author    = {{European Centre for Disease Prevention and Control (ECDC)}},
  booktitle = {ECDC. Annual epidemiological report for 2018},
  title     = {Seasonal influenza 2018-2019},
  year      = {2019},
  month     = aug,
  url       = {https://www.ecdc.europa.eu/sites/default/files/documents/AER_for_2018_seasonal-influenza-corrected.pdf},
}

@WWW{CDC2021a,
  author = {{Center for Disease Control and Prevention}},
  month  = mar,
  title  = {Provisional {COVID-19} Death Counts by Week Ending Date and State. Data accessed March 18, 2021.},
  url    = {https://data.cdc.gov/NCHS/Provisional-COVID-19-Death-Counts-by-Week-Ending-D/r8kw-7aab},
  year   = {2021},
}

@WWW{ECDC2021,
  author = {{European Centre for Disease Prevention and Control }},
  month  = jul,
  title  = {Download historical data (to 14 December 2020) on the daily number of new reported COVID-19 cases and deaths worldwide},
  url    = {https://www.ecdc.europa.eu/en/publications-data/download-todays-data-geographic-distribution-covid-19-cases-worldwide},
  year   = {2021},
}

@WWW{Euromomo2021,
  author = {{EuroMOMO (euromomo.eu) 2021}},
  month  = jul,
  title  = {Graphs and maps. Pooled number of deaths by age group. Last updated on week 27, 2021},
  url    = {https://www.euromomo.eu/graphs-and-maps/},
  year   = {2021},
}

@article{mombach2002mean,
  title={A mean-field theory of cellular growth},
  author={Mombach, Jose CM and Lemke, Nei and Bodmann, Bardo EJ and Idiart, Marco Aur{\'e}lio Pires},
  journal={EPL (Europhysics Letters)},
  volume={59},
  number={6},
  pages={923},
  year={2002},
  publisher={IOP Publishing}
}


@WWW{UKVDL2021,
  author = {{University of Kentucky’s Veterinary Diagnostic Laboratory (VDL)}},
  note   = {accessed online 23-May-2021},
  title  = {Dashboard: Historical picture of Nocardioform placentitis in Kentucky},
  url    = {http://vdl.uky.edu:8080/informer/DashboardViewer.html?locale=en_US&embedToken=d58d8dbf-bef0-4619-b57c-9d4343260338},
  year   = {2021},
}

@WWW{SAVSNET2021b,
  author = {{Small Animal Veterinary Surveillance Network (SAVSNET)}},
  month  = aug,
  title  = {RDI: Update on kennel cough in dogs (Published on 9 August 2021)},
  url    = {https://www.liverpool.ac.uk/savsnet/news/stories/title,1274586,en.html},
  year   = {2021},
}

@WWW{TEF2020,
  author = {{Thailand Equestrian Federation}},
  month  = may,
  title  = {Epidemic situation of the epidemic "African Horse Sickness" on May 24, 2020.},
  url    = {https://tefthailand.com/สถานการณ์การระบาดของโ-20/},
  year   = {2020},
}

@Article{Yang2021,
  author    = {Di Yang and Anni Yang and Jue Yang and Rongting Xu and Han Qiu},
  journal   = {{GeoHealth}},
  title     = {Unprecedented Migratory Bird Die-Off: A Citizen-Based Analysis on the Spatiotemporal Patterns of Mass Mortality Events in the Western United States},
  year      = {2021},
  month     = {apr},
  number    = {4},
  volume    = {5},
  doi       = {10.1029/2021gh000395},
  publisher = {American Geophysical Union ({AGU})},
}

@InCollection{Mamelund2008,
  author    = {S.-E. Mamelund},
  booktitle = {International Encyclopedia of Public Health},
  publisher = {Elsevier},
  title     = {Influenza, Historical},
  year      = {2008},
  pages     = {597--609},
  doi       = {10.1016/b978-012373960-5.00372-5},
}

@Article{Wickramasinghe2020a,
  author    = {N Chandra Wickramasinghe and and Robert Temple and},
  journal   = {Journal of Infectious Diseases {\&} Case Reports},
  title     = {Solar Cycle, Maunder Minimum and Pandemic Influenza},
  year      = {2020},
  month     = {dec},
  pages     = {1--4},
  doi       = {10.47363/jidscr/2021(1)128},
  publisher = {Scientific Research and Community Ltd},
}

@Article{Kostoff2020,
  author    = {Ronald N. Kostoff and Michael B. Briggs and Alan L. Porter and Antonio F. Hern{\'{a}}ndez and Mohammad Abdollahi and Michael Aschner and Aristidis Tsatsakis},
  journal   = {Food and Chemical Toxicology},
  title     = {The under-reported role of toxic substance exposures in the {COVID}-19 pandemic},
  year      = {2020},
  month     = {nov},
  pages     = {111687},
  volume    = {145},
  doi       = {10.1016/j.fct.2020.111687},
  publisher = {Elsevier {BV}},
}

@Article{Wu2020a,
  author    = {X. Wu and R. C. Nethery and M. B. Sabath and D. Braun and F. Dominici},
  journal   = {Science Advances},
  title     = {Air pollution and {COVID}-19 mortality in the United States: Strengths and limitations of an ecological regression analysis},
  year      = {2020},
  month     = {nov},
  number    = {45},
  volume    = {6},
  doi       = {10.1126/sciadv.abd4049},
  publisher = {American Association for the Advancement of Science ({AAAS})},
}

@Article{Merow2020,
  author    = {Cory Merow and Mark C. Urban},
  journal   = {Proceedings of the National Academy of Sciences},
  title     = {Seasonality and uncertainty in global {COVID}-19 growth rates},
  year      = {2020},
  month     = {oct},
  number    = {44},
  pages     = {27456--27464},
  volume    = {117},
  doi       = {10.1073/pnas.2008590117},
  publisher = {Proceedings of the National Academy of Sciences},
}

@Article{Moozhipurath2020,
  author    = {Rahul Kalippurayil Moozhipurath and Lennart Kraft and Bernd Skiera},
  journal   = {Scientific Reports},
  title     = {Evidence of protective role of Ultraviolet-B ({UVB}) radiation in reducing {COVID}-19 deaths},
  year      = {2020},
  month     = {oct},
  number    = {1},
  volume    = {10},
  doi       = {10.1038/s41598-020-74825-z},
  publisher = {Springer Science and Business Media {LLC}},
}

@Article{Valdebenito2021,
  author    = {Jos{\'{e}} O. Valdebenito and Naerhulan Halimubieke and {\'{A}}d{\'{a}}m Z. Lendvai and Jordi Figuerola and Götz Eichhorn and Tam{\'{a}}s Sz{\'{e}}kely},
  journal   = {Scientific Reports},
  title     = {Seasonal variation in sex-specific immunity in wild birds},
  year      = {2021},
  month     = {jan},
  number    = {1},
  volume    = {11},
  doi       = {10.1038/s41598-020-80030-9},
  publisher = {Springer Science and Business Media {LLC}},
}

@Article{Horak1998,
  author    = {H{\~o}rak, P and Jenni-Eiermann, S and Ots, I and Tegelmann, L},
  journal   = {Canadian Journal of Zoology},
  title     = {Health and reproduction: the sex-specific clinical profile of great tits (Parus major) in relation to breeding},
  year      = {1998},
  number    = {12},
  pages     = {2235--2244},
  volume    = {76},
  publisher = {NRC Research Press Ottawa, Canada},
}

@Article{Bunpapong2021,
  author    = {Napawan Bunpapong and Kamonpan Charoenkul and Chanakarn Nasamran and Ekkapat Chamsai and Kitikhun Udom and Supanat Boonyapisitsopa and Rachod Tantilertcharoen and Sawang Kesdangsakonwut and Navapon Techakriengkrai and Sanipa Suradhat and Roongroje Thanawongnuwech and Alongkorn Amonsin},
  journal   = {Emerging Infectious Diseases},
  title     = {African Horse Sickness Virus Serotype 1 on Horse Farm, Thailand, 2020},
  year      = {2021},
  month     = {aug},
  number    = {8},
  pages     = {2208--2211},
  volume    = {27},
  doi       = {10.3201/eid2708.210004},
  publisher = {Centers for Disease Control and Prevention ({CDC})},
}

@Article{Lu2020,
  author    = {Gang Lu and Jialiang Pan and Jiajun Ou and Ran Shao and Xue Hu and Caiying Wang and Shoujun Li},
  journal   = {Transboundary and Emerging Diseases},
  title     = {African horse sickness: Its emergence in Thailand and potential threat to other Asian countries},
  year      = {2020},
  month     = {jun},
  doi       = {10.1111/tbed.13625},
  publisher = {Wiley},
}

@Article{Mellor2004,
  author    = {Philip Scott Mellor and Christopher Hamblin},
  journal   = {Veterinary Research},
  title     = {African horse sickness},
  year      = {2004},
  month     = {jul},
  number    = {4},
  pages     = {445--466},
  volume    = {35},
  doi       = {10.1051/vetres:2004021},
  publisher = {{EDP} Sciences},
}

@Article{Huang2020,
  author    = {Chaolin Huang and Yeming Wang and Xingwang Li and Lili Ren and Jianping Zhao and Yi Hu and Li Zhang and Guohui Fan and Jiuyang Xu and Xiaoying Gu and Zhenshun Cheng and Ting Yu and Jiaan Xia and Yuan Wei and Wenjuan Wu and Xuelei Xie and Wen Yin and Hui Li and Min Liu and Yan Xiao and Hong Gao and Li Guo and Jungang Xie and Guangfa Wang and Rongmeng Jiang and Zhancheng Gao and Qi Jin and Jianwei Wang and Bin Cao},
  journal   = {The Lancet},
  title     = {Clinical features of patients infected with 2019 novel coronavirus in Wuhan, China},
  year      = {2020},
  month     = {feb},
  number    = {10223},
  pages     = {497--506},
  volume    = {395},
  doi       = {10.1016/s0140-6736(20)30183-5},
  publisher = {Elsevier {BV}},
}

@WWW{CDC2021flu,
  author = {{Center for Disease Control and Prevention}},
  month  = aug,
  note   = {date accessed: 18 Aug 2021},
  title  = {Influenza Positive Tests Reported to CDC by U.S. Clinical Laboratories 2019-2020 Season},
  url    = {https://www.cdc.gov/flu/weekly/weeklyarchives2019-2020/data/whoAllregt_cl30.html},
  year   = {2021},
}

@WWW{CDC2021ili,
  author = {{Center for Disease Control and Prevention}},
  month  = aug,
  note   = {date accessed: 18 Aug 2021},
  title  = {Percentage of visits for Influenza-like illnesses reported by ILINet 2019-2020 Season},
  url    = {https://www.cdc.gov/flu/weekly/weeklyarchives2019-2020/data/senAllregt31.html},
  year   = {2021},
}

@Article{Lopreite2021,
  author    = {Milena Lopreite and Pietro Panzarasa and Michelangelo Puliga and Massimo Riccaboni},
  journal   = {Scientific Reports},
  title     = {Early warnings of {COVID}-19 outbreaks across Europe from social media},
  year      = {2021},
  month     = {jan},
  number    = {1},
  volume    = {11},
  doi       = {10.1038/s41598-021-81333-1},
  publisher = {Springer Science and Business Media {LLC}},
}

@Article{Roberts2021,
  author    = {David L. Roberts and Jeremy S. Rossman and Ivan Jari{\'{c}}},
  journal   = {{PLOS} Pathogens},
  title     = {Dating first cases of {COVID}-19},
  year      = {2021},
  month     = {jun},
  number    = {6},
  pages     = {e1009620},
  volume    = {17},
  doi       = {10.1371/journal.ppat.1009620},
  editor    = {Benhur Lee},
  publisher = {Public Library of Science ({PLoS})},
}

@Article{WHO2021,
  author    = {{World Health Organization}},
  title     = {WHO-convened global study of origins of SARS-CoV-2: China Part},
  year      = {2021},
  publisher = {World Health Organization},
  url       = {https://www.who.int/docs/default-source/coronaviruse/who-convened-global-study-of-origins-of-sars-cov-2-china-part-annexes.pdf?sfvrsn=3065bcd8_5.},
}

@InProceedings{Priddy2003,
  author    = {T. Priddy, C. Pieper and W. Wang},
  booktitle = {Proceedings of the First Workshop on Mare Reproductive Loss Syndrome},
  title     = {Climatic Correlations of the 2001 and 2002 Episodes of Mare Reproductive Loss Syndrome},
  year      = {2003},
  editor    = {David G. Powell, Amy Troppman and Thomas Tobin},
  pages     = {34-36},
  url       = {https://www2.ca.uky.edu/agcomm/pubs/sr/sr2003-1/sr2003-1.pdf},
}

@Article{Kirkwood2006,
  author    = {J. K. Kirkwood and S. K. Macgregor and H. Malnick and G. Foster},
  journal   = {Veterinary Record},
  title     = {Unusual mortality incidents in tit species (family Paridae) associated with the novel bacterium Suttonella ornithocola},
  year      = {2006},
  month     = {feb},
  number    = {6},
  pages     = {203--205},
  volume    = {158},
  doi       = {10.1136/vr.158.6.203},
  publisher = {Wiley},
}

@Article{Lawson2011,
  author    = {Becki Lawson and Henry Malnick and Tom W. Pennycott and Shaheed K. Macgregor and Shinto K. John and Gwen Duncan and Laura A. Hughes and Julian Chantrey and Andrew A. Cunningham},
  journal   = {The Veterinary Journal},
  title     = {Acute necrotising pneumonitis associated with Suttonella ornithocola infection in tits (Paridae)},
  year      = {2011},
  month     = {apr},
  number    = {1},
  pages     = {96--100},
  volume    = {188},
  doi       = {10.1016/j.tvjl.2010.03.010},
  publisher = {Elsevier {BV}},
}

@Article{Peniche2017,
  author    = {Gabriela Peniche and Julia Rodriguez-Ramos Fernandez and Chris Durrant and Shinto K. John and Shaheed K. Macgregor and Andrew A. Cunningham and Becki Lawson},
  journal   = {European Journal of Wildlife Research},
  title     = {Nested {PCR} for Suttonella ornithocola reveals widespread infection in British Paridae species},
  year      = {2017},
  month     = {may},
  number    = {3},
  volume    = {63},
  doi       = {10.1007/s10344-017-1105-6},
  publisher = {Springer Science and Business Media {LLC}},
}

@Article{Merbach2019,
  author    = {Merbach, Sabine and Peters, Martin and Kilwinski, Jochen and Reckling, Daniela and others},
  journal   = {Berliner und M{\"u}nchener Tier{\"a}rztliche Wochenschrift},
  title     = {Suttonella ornithocola-associated mortality in tits in Germany.},
  year      = {2019},
  number    = {9/10},
  pages     = {459--463},
  volume    = {132},
  publisher = {Schl{\"u}tersche Verlagsgesellschaft GmbH \& Co. KG},
}

@Article{McClintock1950,
  author    = {B. McClintock},
  journal   = {Proceedings of the National Academy of Sciences},
  title     = {The origin and behavior of mutable loci in maize},
  year      = {1950},
  month     = {jun},
  number    = {6},
  pages     = {344--355},
  volume    = {36},
  doi       = {10.1073/pnas.36.6.344},
  publisher = {Proceedings of the National Academy of Sciences},
}

@Article{Jaenisch2003,
  author    = {Rudolf Jaenisch and Adrian Bird},
  journal   = {Nature Genetics},
  title     = {Epigenetic regulation of gene expression: how the genome integrates intrinsic and environmental signals},
  year      = {2003},
  month     = {mar},
  number    = {S3},
  pages     = {245--254},
  volume    = {33},
  doi       = {10.1038/ng1089},
  publisher = {Springer Science and Business Media {LLC}},
}

@Article{Catala2020,
  author    = {Mart{\'{\i}} Catal{\`{a}} and Sergio Alonso and Enrique Alvarez-Lacalle and Daniel L{\'{o}}pez and Pere-Joan Cardona and Clara Prats},
  journal   = {{PLOS} Computational Biology},
  title     = {Empirical model for short-time prediction of {COVID}-19 spreading},
  year      = {2020},
  month     = {dec},
  number    = {12},
  pages     = {e1008431},
  volume    = {16},
  doi       = {10.1371/journal.pcbi.1008431},
  editor    = {Benjamin Muir Althouse},
  publisher = {Public Library of Science ({PLoS})},
}

@WWW{Ornithomedia2020,
  author = {Ornithomedia},
  month  = apr,
  note   = {accessed online 02-jan-2021},
  title  = {La bactérie Suttonella ornithocola a causé la mort de nombreuses mésanges en Allemagne depuis mars 2020 (\emph{The bacterium Suttonella ornithocola has caused numerous deaths of tits in Germany since March 2020})},
  url    = {https://www.ornithomedia.com/pratique/conseils/la-bacterie-suttonella-ornithocola-a-cause-la-mort-de-dizaines-de-milliers-de-mesanges-en-allemagne-depuis-mars-2020/},
  year   = {2020},
}

@WWW{Sertich2019,
  author = {Patricia L. Sertich and Ahmed Tibary},
  month  = oct,
  note   = {Content last modified Oct 2019. Accessed onlin 2022-02-28.},
  title  = {Abortion in Horses (in: Merck {V}eterinay {M}anual)},
  url    = {https://www.merckvetmanual.com/veterinary/horse-owners/reproductive-disorders-of-horses/abortion-in-horses},
  year   = {2019},
}

@WWW{McCullough2020,
  author = {Jenna McCullough},
  month  = sep,
  note   = {accessed online 2020-12-05},
  title  = {The data behind mysterious bird deaths in New Mexico - American Birding Association},
  url    = {https://www.aba.org/the-data-behind-mysterious-bird-deaths-in-new-mexico/?fbclid=IwAR0SIGnr-EgiP8ZoGDhWn1MFyZlgh2Ur4S-NZ8WCWYfsTo_8iK_h5TUskuE},
  year   = {2020},
}

@WWW{Johnson2020,
  author = {Kevin Johnson},
  month  = sep,
  note   = {Published online 16-Sep-2020},
  title  = {The Southwest Is Facing an ‘Unprecedented’ Migratory Bird Die-Off},
  url    = {https://www.audubon.org/news/the-southwest-facing-unprecedented-migratory-bird-die},
  year   = {2020},
}

@Article{SanchezBayo2020,
  author    = {Francisco S{\'{a}}nchez-Bayo and Kris A G Wyckhuys},
  journal   = {Austral Entomology},
  title     = {Further evidence for a global decline of the entomofauna},
  year      = {2020},
  month     = {dec},
  number    = {1},
  pages     = {9--26},
  volume    = {60},
  doi       = {10.1111/aen.12509},
  publisher = {Wiley},
}

@WWW{ABS,
  author = {{Australian Bureau of Statistics}},
  month  = jun,
  note   = {accessed online 13-jul-2021},
  title  = {3303.0.55.004 Provisional Mortality Statistics, Australia, Jan 2020 - Mar 2021. Released at 11.30am (Canberra time) 23 June 2021},
  url    = {{https://www.abs.gov.au/statistics/health/causes-death/provisional-mortality-statistics/}},
  year   = {2020},
}

@InProceedings{EWDA2020,
  author    = {Marja Isomursu and Minna Nylund and Petra Heikkinen},
  booktitle = {European Wildlife Disease Association, Newsletter Summer 2020},
  title     = {Blue tit disease reemerges in Finland},
  year      = {2020},
  month     = aug,
  note      = {\url{http://ewda.org/wp-content/uploads/2020/07/EWDA-Summer-Newsletter-2020.pdf}},
  url       = {http://ewda.org/wp-content/uploads/2020/07/EWDA-Summer-Newsletter-2020.pdf},
}

Fits SIR model by visual inspection, predicts exponential growth in Deaths
https://www.sciencedirect.com/science/article/pii/S0960077920304549#!

@article{cooper2020sir,
  title={A {SIR} model assumption for the spread of {COVID-19} in different communities},
  author={Cooper, Ian and Mondal, Argha and Antonopoulos, Chris G},
  journal={Chaos, Solitons \& Fractals},
  volume={139},
  pages={110057},
  year={2020},
  publisher={Elsevier}
}

Shows how the SIR is reduced to a one dimensional nonlinear regression, fits initial covid data

@article{postnikov2020estimation,
  title={Estimation of {COVID-19} dynamics “on a back-of-envelope”: Does the simplest {SIR} model provide quantitative parameters and predictions?},
  author={Postnikov, Eugene B},
  journal={Chaos, Solitons \& Fractals},
  volume={135},
  pages={109841},
  year={2020},
  publisher={Elsevier}
}

Fits SIR and Richards on cases, not diseased. Argues for contamination measures.

@article{wu2020generalized,
  title={Generalized logistic growth modeling of the COVID-19 outbreak: comparing the dynamics in the 29 provinces in China and in the rest of the world},
  author={Wu, Ke and Darcet, Didier and Wang, Qian and Sornette, Didier},
  journal={Nonlinear dynamics},
  volume={101},
  number={3},
  pages={1561--1581},
  year={2020},
  publisher={Springer}
}

Modifies SIR to model multiple waves of infections

@article{munoz2021sir,
  title={A {SIR}-type model describing the successive waves of {COVID-19}},
  author={Mu{\~n}oz-Fern{\'a}ndez, Gustavo A and Seoane, Jes{\'u}s M and Seoane-Sep{\'u}lveda, Juan B},
  journal={Chaos, Solitons \& Fractals},
  volume={144},
  pages={110682},
  year={2021},
  publisher={Elsevier}
}

Same as above but they change the number of susceptible to account for multiple waves.
This paper has good review of the litterature.

@article{cooper2022dynamical,
  title={Dynamical analysis of the infection status in diverse communities due to {COVID-19} using a modified {SIR} model},
  author={Cooper, Ian and Mondal, Argha and Antonopoulos, Chris G and Mishra, Arindam},
  journal={Nonlinear Dynamics},
  pages={1--14},
  year={2022},
  publisher={Springer}
}

Arguing that many-parameter models are nonidentifiable, and also that non-linear regression can be non-identifiable and might not find a global minima

@article{roda2020difficult,
  title={Why is it difficult to accurately predict the {COVID-19} epidemic?},
  author={Roda, Weston C and Varughese, Marie B and Han, Donglin and Li, Michael Y},
  journal={Infectious disease modelling},
  volume={5},
  pages={271--281},
  year={2020},
  publisher={Elsevier}
}

@book{risken1996fokker,
  title={The Fokker-Planck Equation},
  author={Risken, Hannes},
  year={1996},
  publisher={Springer}
}


@article{akaike1970statistical,
  title={Statistical predictor identification},
  author={Akaike, Hirotugu},
  journal={Annals of the institute of Statistical Mathematics},
  volume={22},
  number={1},
  pages={203--217},
  year={1970},
  publisher={Springer}
}

Fit using a SEIR model

@article{saikia2021covid,
  title={{COVID-19} outbreak in India: an {SEIR} model-based analysis},
  author={Saikia, Debashis and Bora, Kalpana and Bora, Madhurjya P},
  journal={Nonlinear Dynamics},
  volume={104},
  number={4},
  pages={4727--4751},
  year={2021},
  publisher={Springer}
}

Fitting Neural networks 

@article{basu2020going,
  title={Going by the numbers: Learning and modeling {COVID-19} disease dynamics},
  author={Basu, Sayantani and Campbell, Roy H},
  journal={Chaos, Solitons \& Fractals},
  volume={138},
  pages={110140},
  year={2020},
  publisher={Elsevier}
}

@article{chimmula2020time,
  title={Time series forecasting of {COVID-19} transmission in Canada using LSTM networks},
  author={Chimmula, Vinay Kumar Reddy and Zhang, Lei},
  journal={Chaos, Solitons \& Fractals},
  volume={135},
  pages={109864},
  year={2020},
  publisher={Elsevier}
}

@article{shahid2020predictions,
  title={Predictions for {COVID-19} with deep learning models of LSTM, GRU and Bi-LSTM},
  author={Shahid, Farah and Zameer, Aneela and Muneeb, Muhammad},
  journal={Chaos, Solitons \& Fractals},
  volume={140},
  pages={110212},
  year={2020},
  publisher={Elsevier}
}

@article{zeroual2020deep,
  title={Deep learning methods for forecasting {COVID-19} time-Series data: A Comparative study},
  author={Zeroual, Abdelhafid and Harrou, Fouzi and Dairi, Abdelkader and Sun, Ying},
  journal={Chaos, Solitons \& Fractals},
  volume={140},
  pages={110121},
  year={2020},
  publisher={Elsevier}
}

@article{lalmuanawma2020applications,
  title={Applications of machine learning and artificial intelligence for Covid-19 (SARS-CoV-2) pandemic: A review},
  author={Lalmuanawma, Samuel and Hussain, Jamal and Chhakchhuak, Lalrinfela},
  journal={Chaos, Solitons \& Fractals},
  volume={139},
  pages={110059},
  year={2020},
  publisher={Elsevier}
}

@article{yecsilkanat2020spatio,
  title={Spatio-temporal estimation of the daily cases of {COVID-19} in worldwide using random forest machine learning algorithm},
  author={Ye{\c{s}}ilkanat, Cafer Mert},
  journal={Chaos, Solitons \& Fractals},
  volume={140},
  pages={110210},
  year={2020},
  publisher={Elsevier}
}


@Comment{jabref-meta: databaseType:bibtex;}

@Comment{jabref-meta: grouping:
0 AllEntriesGroup:;
1 KeywordGroup:Mortality\;0\;title\;mortality\;0\;0\;1\;0x8a8a8aff\;\;\;;
1 KeywordGroup:Suttonella\;0\;title\;Suttonella\;0\;0\;1\;0x008000ff\;\;\;;
}
